@article{2107.07255v1,
 author = {Kevin Weiss and Michel Rottleuthner and Thomas C. Schmidt and Matthias Wählisch},
 journal = {ArXiv:2107.07255v1},
 title = {PHiLIP on the HiL: Automated Multi-platform OS Testing with External
Reference Devices},
 year = {2021}
}

@article{2106.14651v1,
 author = {Sam Kumar and David E. Culler and Raluca Ada Popa},
 journal = {ArXiv:2106.14651v1},
 title = {MAGE: Nearly Zero-Cost Virtual Memory for Secure Computation},
 year = {2021}
}

@article{2106.06065v1,
 author = {Igor Korkin},
 journal = {ArXiv:2106.06065v1},
 title = {Windows Kernel Hijacking Is Not an Option: MemoryRanger Comes to the
Rescue Again},
 year = {2021}
}

@article{2106.12553v1,
 author = {Koen Zandberg and Emmanuel Baccelli},
 journal = {ArXiv:2106.12553v1},
 title = {Femto-Containers: DevOps on Microcontrollers with Lightweight
Virtualization & Isolation for IoT Software Modules},
 year = {2021}
}

@article{2106.03617v2,
 author = {Ricardo Macedo and Yusuke Tanimura and Jason Haga and Vijay Chidambaram and José Pereira and João Paulo},
 journal = {ArXiv:2106.03617v2},
 title = {PAIO: A Software-Defined Storage Data Plane Framework},
 year = {2021}
}

@article{2106.04514v1,
 author = {Kaiwen Long and Chong Xing and Yuebin Qi and Pei Zhang and Changsong Wu and Wenxiao Fang and Jing Tan and Jie Chen and Shiming Zhang and Zuosheng Wang and Zuanmin Liu and Cao Liang and Jiaxiang Xu},
 journal = {ArXiv:2106.04514v1},
 title = {GearV: A Two-Gear Hypervisor for Mixed-Criticality IoT Systems},
 year = {2021}
}

@article{2105.13894v1,
 author = {Paulo Silva and Thiago Emmanuel Pereira},
 journal = {ArXiv:2105.13894v1},
 title = {Performance Evaluation of Snapshot Methods to Warm the Serverless Cold
Start},
 year = {2021}
}

@article{2105.08770v2,
 author = {Gil Einziger and Ohad Eytan and Roy Friedman and Benjamin Manes},
 journal = {ArXiv:2105.08770v2},
 title = {Lightweight Robust Size Aware Cache Management},
 year = {2021}
}

@article{2105.10397v1,
 author = {Rémi Dulong and Rafael Pires and Andreia Correia and Valerio Schiavoni and Pedro Ramalhete and Pascal Felber and Gaël Thomas},
 journal = {ArXiv:2105.10397v1},
 title = {NVCache: A Plug-and-Play NVMM-based I/O Booster for Legacy Systems},
 year = {2021}
}

@article{2105.05590v2,
 author = {Jan Staschulat and Ralph Lange and Dakshina Narahari Dasari},
 journal = {ArXiv:2105.05590v2},
 title = {Budget-based real-time Executor for Micro-ROS},
 year = {2021}
}

@article{2104.14862v1,
 author = {Wojciech Ozga and Do Le Quoc and Christof Fetzer},
 journal = {ArXiv:2104.14862v1},
 title = {WELES: Policy-driven Runtime Integrity Enforcement of Virtual Machines},
 year = {2021}
}

@article{2104.14354v2,
 author = {Tegg Taekyong Sung and Bo Ryu},
 journal = {ArXiv:2104.14354v2},
 title = {SoCRATES: System-on-Chip Resource Adaptive Scheduling using Deep
Reinforcement Learning},
 year = {2021}
}

@article{2104.13671v1,
 author = {Pritam Majumder and Jiayi Huang and Sungkeun Kim and Abdullah Muzahid and Dylan Siegers and Chia-Che Tsai and Eun Jung Kim},
 journal = {ArXiv:2104.13671v1},
 title = {Continual Learning Approach for Improving the Data and Computation
Mapping in Near-Memory Processing System},
 year = {2021}
}

@article{2104.12721v1,
 author = {Simon Kuenzer and Vlad-Andrei Bădoiu and Hugo Lefeuvre and Sharan Santhanam and Alexander Jung and Gaulthier Gain and Cyril Soldani and Costin Lupu and Ştefan Teodorescu and Costi Răducanu and Cristian Banu and Laurent Mathy and Răzvan Deaconescu and Costin Raiciu and Felipe Huici},
 journal = {ArXiv:2104.12721v1},
 title = {Unikraft: Fast, Specialized Unikernels the Easy Way},
 year = {2021}
}

@article{2104.09487v1,
 author = {Mayank Goel and Gourav Singal},
 journal = {ArXiv:2104.09487v1},
 title = {Android OS CASE STUDY},
 year = {2021}
}

@article{2104.06366v1,
 author = {Junjie Shi and Jan Duy Thien Pham and Malte Münch and Jan Viktor Hafemeister and Jian-Jia Chen and Kuan-Hsun Chen},
 journal = {ArXiv:2104.06366v1},
 title = {Supporting Multiprocessor Resource Synchronization Protocols in RTEMS},
 year = {2021}
}

@article{2104.05456v1,
 author = {Marek Šuppa and Ondrej Jariabka and Adrián Matejov and Marek Nagy},
 journal = {ArXiv:2104.05456v1},
 title = {TermAdventure: Interactively Teaching UNIX Command Line, Text Adventure
Style},
 year = {2021}
}

@article{2104.05306v1,
 author = {Chaos Dong and Fang Wang},
 journal = {ArXiv:2104.05306v1},
 title = {WLFC: Write Less in Flash-based Cache},
 year = {2021}
}

@article{2104.04528v1,
 author = {Jiyang Chen and Tomasz Kloda and Ayoosh Bansal and Rohan Tabish and Chien-Ying Chen and Bo Liu and Sibin Mohan and Marco Caccamo and Lui Sha},
 journal = {ArXiv:2104.04528v1},
 title = {SchedGuard: Protecting against Schedule Leaks Using Linux Containers},
 year = {2021}
}

@article{2104.02393v1,
 author = {Robert Danicki and Martin Haug and Ilja Behnke and Laurenz Mädje and Lauritz Thamsen},
 journal = {ArXiv:2104.02393v1},
 title = {Detecting and Mitigating Network Packet Overloads on Real-Time Devices
in IoT Systems},
 year = {2021}
}

@article{2103.14951v1,
 author = {Bruno Sá and José Martins and Sandro Pinto},
 journal = {ArXiv:2103.14951v1},
 title = {A First Look at RISC-V Virtualization from an Embedded Systems
Perspective},
 year = {2021}
}

@article{2103.10779v1,
 author = {Sandeep Kumar and Aravinda Prasad and Smruti R. Sarangi and Sreenivas Subramoney},
 journal = {ArXiv:2103.10779v1},
 title = {Page Table Management for Heterogeneous Memory Systems},
 year = {2021}
}

@article{2103.07092v1,
 author = {Joel Mandebi Mbongue and Danielle Tchuinkou Kwadjo and Christophe Bobda},
 journal = {ArXiv:2103.07092v1},
 title = {Performance Exploration of Virtualization Systems},
 year = {2021}
}

@article{2102.12922v1,
 author = {Yu Jian Wu and Hongyi Wang and Yuhong Zhong and Asaf Cidon and Ryan Stutsman and Amy Tai and Junfeng Yang},
 journal = {ArXiv:2102.12922v1},
 title = {BPF for storage: an exokernel-inspired approach},
 year = {2021}
}

@article{2102.11198v1,
 author = {Ruslan Savchenko},
 journal = {ArXiv:2102.11198v1},
 title = {Reading from External Memory},
 year = {2021}
}

@article{2102.10269v1,
 author = {Zhi Zhang and Yueqiang Cheng and Minghua Wang and Wei He and Wenhao Wang and Nepal Surya and Yansong Gao and Kang Li and Zhe Wang and Chenggang Wu},
 journal = {ArXiv:2102.10269v1},
 title = {SoftTRR: Protect Page Tables Against RowHammer Attacks using
Software-only Target Row Refresh},
 year = {2021}
}

@article{2102.09980v1,
 author = {Maximilian Bachl and Joachim Fabini and Tanja Zseby},
 journal = {ArXiv:2102.09980v1},
 title = {A flow-based IDS using Machine Learning in eBPF},
 year = {2021}
}

@article{2102.06972v1,
 author = {William Findlay and David Barrera and Anil Somayaji},
 journal = {ArXiv:2102.06972v1},
 title = {BPFContain: Fixing the Soft Underbelly of Container Security},
 year = {2021}
}

@article{2102.03863v3,
 author = {Dave Dice and Alex Kogan},
 journal = {ArXiv:2102.03863v3},
 title = {Hemlock : Compact and Scalable Mutual Exclusion},
 year = {2021}
}

@article{2102.12892v1,
 author = {Marc Brooker and Adrian Costin Catangiu and Mike Danilov and Alexander Graf and Colm MacCarthaigh and Andrei Sandu},
 journal = {ArXiv:2102.12892v1},
 title = {Restoring Uniqueness in MicroVM Snapshots},
 year = {2021}
}

@article{2101.10707v1,
 author = {Geunsik Lim and Changwoo Min and Young Ik Eom},
 journal = {ArXiv:2101.10707v1},
 title = {Enhancing Application Performance by Memory Partitioning in Android
Platforms},
 year = {2021}
}

@article{2101.09282v1,
 author = {Michael Le and Yuval Tamir},
 journal = {ArXiv:2101.09282v1},
 title = {Resilient Virtualized Systems Using ReHype},
 year = {2021}
}

@article{2101.09584v1,
 author = {Diyu Zhou and Yuval Tamir},
 journal = {ArXiv:2101.09584v1},
 title = {HyCoR: Fault-Tolerant Replicated Containers Based on Checkpoint and
Replay},
 year = {2021}
}

@article{2101.09284v1,
 author = {Geunsik Lim and Sang-Bum Suh},
 journal = {ArXiv:2101.09284v1},
 title = {User-Level Memory Scheduler for Optimizing Application Performance in
NUMA-Based Multicore Systems},
 year = {2021}
}

@article{2101.08885v1,
 author = {Geunsik Lim and Changwoo Min and Dong Hyun Kang and Young Ik Eom},
 journal = {ArXiv:2101.08885v1},
 title = {User-Aware Power Management for Mobile Devices},
 year = {2021}
}

@article{2101.08877v1,
 author = {Geunsik Lim and Changwoo Min and Young Ik Eom},
 journal = {ArXiv:2101.08877v1},
 title = {Virtual Memory Partitioning for Enhancing Application Performance in
Mobile Platforms},
 year = {2021}
}

@article{2101.09360v1,
 author = {Geunsik Lim and MyungJoo Ham},
 journal = {ArXiv:2101.09360v1},
 title = {BB: Booting Booster for Consumer Electronics with Modern OS},
 year = {2021}
}

@article{2101.08062v1,
 author = {Geunsik Lim and Donghyun Kang and Young Ik Eom},
 journal = {ArXiv:2101.08062v1},
 title = {Thread Evolution Kit for Optimizing Thread Operations on CE/IoT Devices},
 year = {2021}
}

@article{2101.07327v1,
 author = {Alec Rohloff and Zackary Allen and Kung-Min Lin and Joshua Okrend and Chengyi Nie and Yu-Chia Liu and Hung-Wei Tseng},
 journal = {ArXiv:2101.07327v1},
 title = {OpenUVR: an Open-Source System Framework for Untethered Virtual Reality
Applications},
 year = {2021}
}

@article{2101.07200v1,
 author = {Thaleia Dimitra Doudali and Daniel Zahka and Ada Gavrilovska},
 journal = {ArXiv:2101.07200v1},
 title = {Tuning the Frequency of Periodic Data Movements over Hybrid Memory
Systems},
 year = {2021}
}

@article{2101.08744v2,
 author = {Hongyu Miao and Felix Xiaozhu Lin},
 journal = {ArXiv:2101.08744v2},
 title = {Enabling Large Neural Networks on Tiny Microcontrollers with Swapping},
 year = {2021}
}

@article{2101.01159v1,
 author = {Alvin Cheung and Natacha Crooks and Joseph M. Hellerstein and Matthew Milano},
 journal = {ArXiv:2101.01159v1},
 title = {New Directions in Cloud Programming},
 year = {2021}
}

@article{2012.15081v11,
 author = {Mingqi Yuan and Qi Cao and Man-on Pun and Yi Chen},
 journal = {ArXiv:2012.15081v11},
 title = {Fairness-Oriented User Scheduling for Bursty Downlink Transmission Using
Multi-Agent Reinforcement Learning},
 year = {2020}
}

@article{2012.14635v2,
 author = {Chia-Chi Li and Vikram K. Ramanna and Daniel Webber and Cole Hunter and Tyler Hack and Behnam Dezfouli},
 journal = {ArXiv:2012.14635v2},
 title = {Sensifi: A Wireless Sensing System for Ultra-High-Rate Applications},
 year = {2020}
}

@article{2012.14219v1,
 author = {Hejing Li and Jialin Li and Keon Jang and Antoine Kaufmann},
 journal = {ArXiv:2012.14219v1},
 title = {Reproducible Host Networking Evaluation with End-to-End Simulation},
 year = {2020}
}

@article{2012.12868v1,
 author = {Matan Rusanovsky and Ohad Ben-Baruch and Danny Hendler and Pedro Ramalhete},
 journal = {ArXiv:2012.12868v1},
 title = {A Flat-Combining-Based Persistent Stack for Non-Volatile Memory},
 year = {2020}
}

@article{2012.07917v1,
 author = {Daniel W. Song and Konstantinos Mamouras and Ang Chen and Nathan Dautenhahn and Dan S. Wallach},
 journal = {ArXiv:2012.07917v1},
 title = {The Design and Implementation of a Verified File System with End-to-End
Data Integrity},
 year = {2020}
}

@article{2011.15065v2,
 author = {Olivier Nicole and Matthieu Lemerre and Sébastien Bardin and Xavier Rival},
 journal = {ArXiv:2011.15065v2},
 title = {No Crash, No Exploit: Automated Verification of Embedded Kernels},
 year = {2020}
}

@article{2101.03109v1,
 author = {Sofian Hamad and Taoufik Yeferny},
 journal = {ArXiv:2101.03109v1},
 title = {Routing Approach for P2P Systems Over MANET Network},
 year = {2020}
}

@article{2011.13432v1,
 author = {Aleix Roca Nonell and Balazs Gerofi and Leonardo Bautista-Gomez and Dominique Martinet and Vicenç Beltran Querol and Yutaka Ishikawa},
 journal = {ArXiv:2011.13432v1},
 title = {On the Applicability of PEBS based Online Memory Access Tracking for
Heterogeneous Memory Management at Scale},
 year = {2020}
}

@article{2011.12092v1,
 author = {Venkat Sri Sai Ram and Ashish Panwar and Arkaprava Basu},
 journal = {ArXiv:2011.12092v1},
 title = {Leveraging Architectural Support of Three Page Sizes with Trident},
 year = {2020}
}

@article{2011.12047v2,
 author = {Koen Zandberg and Emmanuel Baccelli},
 journal = {ArXiv:2011.12047v2},
 title = {Minimal Virtual Machines on IoT Microcontrollers: The Case of Berkeley
Packet Filters with rBPF},
 year = {2020}
}

@article{2011.10249v1,
 author = {Tuo Li and Bradley Hopkins and Sri Parameswaran},
 journal = {ArXiv:2011.10249v1},
 title = {SIMF: Single-Instruction Multiple-Flush Mechanism for Processor Temporal
Isolation},
 year = {2020}
}

@article{2011.07160v1,
 author = {Nan Wu and Pengcheng Li},
 journal = {ArXiv:2011.07160v1},
 title = {Phoebe: Reuse-Aware Online Caching with Reinforcement Learning for
Emerging Storage Models},
 year = {2020}
}

@article{2011.02455v3,
 author = {Butler Lampson},
 journal = {ArXiv:2011.02455v3},
 title = {Hints and Principles for Computer System Design},
 year = {2020}
}

@article{2011.01024v2,
 author = {Chen Chen and Wenshao Zhong and Xingbo Wu},
 journal = {ArXiv:2011.01024v2},
 title = {Efficient Data Management with Flexible File Address Space},
 year = {2020}
}

@article{2010.15572v2,
 author = {Taichi Miya and Kohta Ohshima and Yoshiaki Kitaguchi and Katsunori Yamaoka},
 journal = {ArXiv:2010.15572v2},
 title = {Experimental Analysis of Communication Relaying Delay in Low-Energy
Ad-hoc Networks},
 year = {2020}
}

@article{2010.13594v1,
 author = {Ryousei Takano and Kuniyasu Suzaki},
 journal = {ArXiv:2010.13594v1},
 title = {Disaggregated Accelerator Management System for Cloud Data Centers},
 year = {2020}
}

@article{2010.12400v1,
 author = {Yuan Chen and Jiaqi Li and Guorui Xu and Yajin Zhou and Zhi Wang and Cong Wang and Kui Ren},
 journal = {ArXiv:2010.12400v1},
 title = {Towards Efficiently Establishing Mutual Distrust Between Host
Application and Enclave for SGX},
 year = {2020}
}

@article{2010.08741v1,
 author = {Yanliang Zou and Tongliang Deng and Jian Zhang and Chen Chen and Shu Yin},
 journal = {ArXiv:2010.08741v1},
 title = {Stage Lookup: Accelerating Path Lookup using Directory Shortcuts},
 year = {2020}
}

@article{2010.07833v1,
 author = {Jonas Höchst and Alvar Penning and Patrick Lampe and Bernd Freisleben},
 journal = {ArXiv:2010.07833v1},
 title = {PIMOD: A Tool for Configuring Single-Board Computer Operating System
Images},
 year = {2020}
}

@article{2009.09206v1,
 author = {Ayush Mangal and Jitesh Jain and Keerat Kaur Guliani and Omkar Bhalerao},
 journal = {ArXiv:2009.09206v1},
 title = {DEAP Cache: Deep Eviction Admission and Prefetching for Cache},
 year = {2020}
}

@article{2009.09104v1,
 author = {Esmail Asyabi and Azer Bestavros and Renato Mancuso and Richard West and Erfan Sharafzadeh},
 journal = {ArXiv:2009.09104v1},
 title = {Akita: A CPU scheduler for virtualized Clouds},
 year = {2020}
}

@article{2009.09845v1,
 author = {Johann Schleier-Smith and Leonhard Holz and Nathan Pemberton and Joseph M. Hellerstein},
 journal = {ArXiv:2009.09845v1},
 title = {A FaaS File System for Serverless Computing},
 year = {2020}
}

@article{2009.06988v2,
 author = {Maksym Planeta and Jan Bierbaum and Leo Sahaya Daphne Antony and Torsten Hoefler and Hermann Härtig},
 journal = {ArXiv:2009.06988v2},
 title = {MigrOS: Transparent Operating Systems Live Migration Support for
Containerised RDMA-applications},
 year = {2020}
}

@article{2009.02737v1,
 author = {Reto Achermann and Nora Hossle and Lukas Humbel and Daniel Schwyn and David Cock and Timothy Roscoe},
 journal = {ArXiv:2009.02737v1},
 title = {Secure Memory Management on Modern Hardware},
 year = {2020}
}

@article{2009.01869v3,
 author = {Zahra Tarkhani and Anil Madhavapeddy},
 journal = {ArXiv:2009.01869v3},
 title = {Enclave-Aware Compartmentalization and Secure Sharing with Sirius},
 year = {2020}
}

@article{2009.00506v1,
 author = {Oliver Horst and Johannes Wiesböck and Raphael Wild and Uwe Baumgarten},
 journal = {ArXiv:2009.00506v1},
 title = {Quantifying the Latency and Possible Throughput of External Interrupts
on Cyber-Physical Systems},
 year = {2020}
}

@article{2009.00466v1,
 author = {Oliver Horst and Uwe Baumgarten},
 journal = {ArXiv:2009.00466v1},
 title = {toki: A Build- and Test-Platform for Prototyping and Evaluating
Operating System Concepts in Real-Time Environments},
 year = {2020}
}

@article{2008.12501v1,
 author = {Kazuichi Oe},
 journal = {ArXiv:2008.12501v1},
 title = {Analysis of Interference between RDMA and Local Access on Hybrid Memory
System},
 year = {2020}
}

@article{2008.11868v3,
 author = {HyunJong Lee and Shadi Noghabi and Brian Noble and Matthew Furlong and Landon P. Cox},
 journal = {ArXiv:2008.11868v3},
 title = {BumbleBee: Application-aware adaptation for container orchestration},
 year = {2020}
}

@article{2008.06536v1,
 author = {Adriana Szekeres and Irene Zhang and Katelin Bailey and Isaac Ackerman and Haichen Shen and Franziska Roesner and Dan R. K. Ports and Arvind Krishnamurthy and Henry M. Levy},
 journal = {ArXiv:2008.06536v1},
 title = {Making Distributed Mobile Applications SAFE: Enforcing User Privacy
Policies on Untrusted Applications with Secure Application Flow Enforcement},
 year = {2020}
}

@article{2008.06152v1,
 author = {Kazuichi Oe},
 journal = {ArXiv:2008.06152v1},
 title = {Consideration for effectively handling parallel workloads on public
cloud system},
 year = {2020}
}

@article{2008.03563v1,
 author = {K. Murali Krishnan},
 journal = {ArXiv:2008.03563v1},
 title = {eXpOS: A Simple Pedagogical Operating System for Undergraduate
Instruction},
 year = {2020}
}

@article{2008.02145v1,
 author = {A. H. Bell-Thomas},
 journal = {ArXiv:2008.02145v1},
 title = {Interprocess Communication in FreeBSD 11: Performance Analysis},
 year = {2020}
}

@article{2007.12112v1,
 author = {Frank Slomka and Mohammadreza Sadeghi},
 journal = {ArXiv:2007.12112v1},
 title = {HeRTA: Heaviside Real-Time Analysis},
 year = {2020}
}

@article{2007.11112v1,
 author = {Michael Cafarella and David DeWitt and Vijay Gadepally and Jeremy Kepner and Christos Kozyrakis and Tim Kraska and Michael Stonebraker and Matei Zaharia},
 journal = {ArXiv:2007.11112v1},
 title = {DBOS: A Proposal for a Data-Centric Operating System},
 year = {2020}
}

@article{2007.08302v1,
 author = {Jian-Jia Chen and Junjie Shi and Georg von der Brüggen and Niklas Ueter},
 journal = {ArXiv:2007.08302v1},
 title = {Scheduling of Real-Time Tasks with Multiple Critical Sections in
Multiprocessor Systems},
 year = {2020}
}

@article{2007.06775v3,
 author = {Jayashree Mohan and Amar Phanishayee and Ashish Raniwala and Vijay Chidambaram},
 journal = {ArXiv:2007.06775v3},
 title = {Analyzing and Mitigating Data Stalls in DNN Training},
 year = {2020}
}

@article{2007.05136v1,
 author = {Zelun Kong and Yaswanth Yadlapalli and Soroush Bateni and Junfeng Guo and Cong Liu},
 journal = {ArXiv:2007.05136v1},
 title = {LINTS^RT: A Learning-driven Testbed for Intelligent Scheduling in
Embedded Systems},
 year = {2020}
}

@article{2007.04552v2,
 author = {Yifan Yuan and Mohammad Alian and Yipeng Wang and Ilia Kurakin and Ren Wang and Charlie Tai and Nam Sung Kim},
 journal = {ArXiv:2007.04552v2},
 title = {IOCA: High-Speed I/O-Aware LLC Management for Network-Centric
Multi-Tenant Platform},
 year = {2020}
}

@article{2007.00706v1,
 author = {Maolin Yang and Zewei Chen and Xu Jiang and Nan Guan and Hang Lei},
 journal = {ArXiv:2007.00706v1},
 title = {DPCP-p: A Distributed Locking Protocol for Parallel Real-Time Tasks},
 year = {2020}
}

@article{2006.12144v1,
 author = {Alex Kogan and Dave Dice and Shady Issa},
 journal = {ArXiv:2006.12144v1},
 title = {Scalable Range Locks for Scalable Address Spaces and Beyond},
 year = {2020}
}

@article{2006.12133v2,
 author = {Taeuk Kim and Safdar Jamil and Joongeon Park and Youngjae Kim},
 journal = {ArXiv:2006.12133v2},
 title = {Optimizing Placement of Heap Memory Objects in Energy-Constrained Hybrid
Memory Systems},
 year = {2020}
}

@article{2006.08966v2,
 author = {Jie Zhang and Miryeong Kwon and Sanghyun Han and Nam Sung Kim and Mahmut Kandemir and Myoungsoo Jung},
 journal = {ArXiv:2006.08966v2},
 title = {FastDrain: Removing Page Victimization Overheads in NVMe Storage Stack},
 year = {2020}
}

@article{2006.07163v2,
 author = {Mina Sedaghat and Pontus Sköldström and Daniel Turull and Vinay Yadhav and Joacim Halén and Madhubala Ganesan and Amardeep Mehta and Wolfgang John},
 journal = {ArXiv:2006.07163v2},
 title = {Nefele: Process Orchestration for the Cloud},
 year = {2020}
}

@article{2006.07086v2,
 author = {Sahil Dhoked and Neeraj Mittal},
 journal = {ArXiv:2006.07086v2},
 title = {An Adaptive Approach to Recoverable Mutual Exlcusion},
 year = {2020}
}

@article{2006.02055v1,
 author = {Davood Ghatreh Samani and Chavit Denninnart and Josef Bacik and Mohsen Amini Salehi},
 journal = {ArXiv:2006.02055v1},
 title = {The Art of CPU-Pinning: Evaluating and Improving the Performance of
Virtualization and Containerization Platforms},
 year = {2020}
}

@article{2006.01354v1,
 author = {Tan N. Le and Zhenhua Liu},
 journal = {ArXiv:2006.01354v1},
 title = {Flex: Closing the Gaps between Usage and Allocation},
 year = {2020}
}

@article{2006.00380v1,
 author = {Boris Teabe and Peterson Yuhala and Alain Tchana and Fabien Hermenier and Daniel Hagimont and Gilles Muller},
 journal = {ArXiv:2006.00380v1},
 title = {Memory virtualization in virtualized systems: segmentation is better
than paging},
 year = {2020}
}

@article{2005.12821v1,
 author = {Madhur Jain},
 journal = {ArXiv:2005.12821v1},
 title = {Study of Firecracker MicroVM},
 year = {2020}
}

@article{2005.11050v1,
 author = {Ali Mokhtari and Chavit Denninnart and Mohsen Amini Salehi},
 journal = {ArXiv:2005.11050v1},
 title = {Autonomous Task Dropping Mechanism to Achieve Robustness in
Heterogeneous Computing Systems},
 year = {2020}
}

@article{2005.10333v2,
 author = {Mohammad Sina Karvandi and Saleh Khalaj Monfared and Mohammad Sina Kiarostami and Dara Rahmati and Saeid Gorgin},
 journal = {ArXiv:2005.10333v2},
 title = {A Way Around UMIP and Descriptor-Table Exiting via TSX-based
Side-Channel},
 year = {2020}
}

@article{2005.09723v3,
 author = {Samantha Miller and Kaiyuan Zhang and Mengqi Chen and Ryan Jennings and Ang Chen and Danyang Zhuo and Tom Anderson},
 journal = {ArXiv:2005.09723v3},
 title = {High Velocity Kernel File Systems with Bento},
 year = {2020}
}

@article{2005.04753v1,
 author = {Shihao Song and Anup Das and Onur Mutlu and Nagarajan Kandasamy},
 journal = {ArXiv:2005.04753v1},
 title = {Improving Phase Change Memory Performance with Data Content Aware Access},
 year = {2020}
}

@article{2005.04750v1,
 author = {Shihao Song and Anup Das and Nagarajan Kandasamy},
 journal = {ArXiv:2005.04750v1},
 title = {Exploiting Inter- and Intra-Memory Asymmetries for Data Mapping in
Hybrid Tiered-Memories},
 year = {2020}
}

@article{2005.02547v1,
 author = {Duo Zhang and Om Rameshwar Gatla and Runzhou Han and Mai Zheng},
 journal = {ArXiv:2005.02547v1},
 title = {On Failure Diagnosis of the Storage Stack},
 year = {2020}
}

@article{2005.01498v1,
 author = {Mathias Gottschlag and Yussuf Khalil and Frank Bellosa},
 journal = {ArXiv:2005.01498v1},
 title = {Dim Silicon and the Case for Improved DVFS Policies},
 year = {2020}
}

@article{2005.00323v2,
 author = {Daniele Cono D'Elia and Simone Nicchi and Matteo Mariani and Matteo Marini and Federico Palmaro},
 journal = {ArXiv:2005.00323v2},
 title = {Designing Robust API Monitoring Solutions},
 year = {2020}
}

@article{2004.09619v1,
 author = {Rajat Kateja and Andy Pavlo and Gregory R. Ganger},
 journal = {ArXiv:2004.09619v1},
 title = {Vilamb: Low Overhead Asynchronous Redundancy for Direct Access NVM},
 year = {2020}
}

@article{2004.09252v1,
 author = {Pierpaolo Santucci and Emiliano Ingrassia and Giulio Picierro and Marco Cesati},
 journal = {ArXiv:2004.09252v1},
 title = {MemShield: GPU-assisted software memory encryption},
 year = {2020}
}

@article{2004.06354v1,
 author = {Aleix Roca and Samuel Rodríguez and Albert Segura and Kevin Marquet and Vicenç Beltran},
 journal = {ArXiv:2004.06354v1},
 title = {A Linux Kernel Scheduler Extension for Multi-core Systems},
 year = {2020}
}

@article{2004.05524v1,
 author = {David Domingo and Kyle Stratton and Sudarsun Kannan},
 journal = {ArXiv:2004.05524v1},
 title = {Accelerating Filesystem Checking and Repair with pFSCK},
 year = {2020}
}

@article{2004.05518v1,
 author = {Fei Wen and Mian Qin and Paul Gratz and Narasimha Reddy},
 journal = {ArXiv:2004.05518v1},
 title = {Hardware Memory Management for Future Mobile Hybrid Memory Systems},
 year = {2020}
}

@article{2004.04846v1,
 author = {Zahra Tarkhani and Anil Madhavapeddy},
 journal = {ArXiv:2004.04846v1},
 title = {$μ$Tiles: Efficient Intra-Process Privilege Enforcement of Memory
Regions},
 year = {2020}
}

@article{2004.04760v1,
 author = {Sudarsun Kannan and Yujie Ren and Abhishek Bhatacharjee},
 journal = {ArXiv:2004.04760v1},
 title = {Efficient Kernel Object Management for Tiered Memory Systems with KLOC},
 year = {2020}
}

@article{2004.03244v2,
 author = {Christian Hakert and Kuan-Hsun Chen and Paul R. Genssler and Georg von der Brüggen and Lars Bauer and Hussam Amrouch and Jian-Jia Chen and Jörg Henkel},
 journal = {ArXiv:2004.03244v2},
 title = {SoftWear: Software-Only In-Memory Wear-Leveling for Non-Volatile Main
Memory},
 year = {2020}
}

@article{2004.02439v1,
 author = {Arvind Easwaran and Insik Shin and Insup Lee},
 journal = {ArXiv:2004.02439v1},
 title = {Optimal Virtual Cluster-based Multiprocessor Scheduling},
 year = {2020}
}

@article{2004.02400v1,
 author = {Xiaozhe Gu and Arvind Easwaran and Kieu-My Phan and Insik Shin},
 journal = {ArXiv:2004.02400v1},
 title = {Resource Efficient Isolation Mechanisms in Mixed-Criticality Scheduling},
 year = {2020}
}

@article{2004.00402v1,
 author = {Simson L. Garfinkel and J. Spencer Love},
 journal = {ArXiv:2004.00402v1},
 title = {A File System For Write-Once Media},
 year = {2020}
}

@article{2003.12452v1,
 author = {Jack West and Neil Kingensmith and George K. Thiruvathukal},
 journal = {ArXiv:2003.12452v1},
 title = {FLIC: A Distributed Fog Cache for City-Scale Applications},
 year = {2020}
}

@article{2003.07945v2,
 author = {Soroush Bateni and Zhendong Wang and Yuankun Zhu and Yang Hu and Cong Liu},
 journal = {ArXiv:2003.07945v2},
 title = {Co-Optimizing Performance and Memory FootprintVia Integrated CPU/GPU
Memory Management, anImplementation on Autonomous Driving Platform},
 year = {2020}
}

@article{2003.05168v1,
 author = {Saravanan Ramanathan and Arvind Easwaran and Hyeonjoong Cho},
 journal = {ArXiv:2003.05168v1},
 title = {Multi-Rate Fluid Scheduling of Mixed-Criticality Systems on
Multiprocessors},
 year = {2020}
}

@article{2003.05160v1,
 author = {Xiaozhe Gu and Arvind Easwaran},
 journal = {ArXiv:2003.05160v1},
 title = {Efficient Schedulability Test for Dynamic-Priority Scheduling of
Mixed-Criticality Real-Time Systems},
 year = {2020}
}

@article{2003.05445v1,
 author = {Saravanan Ramanathan and Arvind Easwaran},
 journal = {ArXiv:2003.05445v1},
 title = {Utilization Difference Based Partitioned Scheduling of Mixed-Criticality
Systems},
 year = {2020}
}

@article{2003.05444v1,
 author = {Arvind Easwaran},
 journal = {ArXiv:2003.05444v1},
 title = {Demand-based Scheduling of Mixed-Criticality Sporadic Tasks on One
Processor},
 year = {2020}
}

@article{2003.08364v1,
 author = {Xiaozhe Gu and Arvind Easwaran},
 journal = {ArXiv:2003.08364v1},
 title = {Dynamic Budget Management with Service Guarantees for Mixed-Criticality
Systems},
 year = {2020}
}

@article{2003.05442v1,
 author = {Jalil Boudjadar and Saravanan Ramanathan and Arvind Easwaran and Ulrik Nyman},
 journal = {ArXiv:2003.05442v1},
 title = {Combining Task-level and System-level Scheduling Modes for Mixed
Criticality Systems},
 year = {2020}
}

@article{2003.05025v2,
 author = {Dave Dice and Alex Kogan},
 journal = {ArXiv:2003.05025v2},
 title = {Fissile Locks},
 year = {2020}
}

@article{2003.01107v1,
 author = {Arnab Paul and Mamdudul Haque Khan and M. Muktadir Rahman and Tanvir Zaman Khan and Prajoy Podder and Md. Yeasir Akram Khan},
 journal = {ArXiv:2003.01107v1},
 title = {Reconfigurable Parallel Architecture of High Speed Round Robin Arbiter},
 year = {2020}
}

@article{2002.12516v1,
 author = {Corey Tessler and Venkata P. Modekurthy and Nathan Fisher and Abusayeed Saifullah},
 journal = {ArXiv:2002.12516v1},
 title = {Bringing Inter-Thread Cache Benefits to Federated Scheduling -- Extended
Results & Technical Report},
 year = {2020}
}

@article{2002.11528v1,
 author = {Kornilios Kourtis and Animesh Trivedi and Nikolas Ioannou},
 journal = {ArXiv:2002.11528v1},
 title = {Safe and Efficient Remote Application Code Execution on Disaggregated
NVM Storage with eBPF},
 year = {2020}
}

@article{2002.08928v1,
 author = {Ruslan Nikolaev and Mincheol Sung and Binoy Ravindran},
 journal = {ArXiv:2002.08928v1},
 title = {LibrettOS: A Dynamically Adaptable Multiserver-Library OS},
 year = {2020}
}

@article{2002.08454v1,
 author = {Anusha Bableshwar and Arun Ravindran and Manoj Iyer},
 journal = {ArXiv:2002.08454v1},
 title = {A Recurrent Neural Network Based Patch Recommender for Linux Kernel Bugs},
 year = {2020}
}

@article{2002.07515v1,
 author = {William B. Mingardi and Gustavo M. D. Vieira},
 journal = {ArXiv:2002.07515v1},
 title = {Characterizing Synchronous Writes in Stable Memory Devices},
 year = {2020}
}

@article{2002.06512v3,
 author = {Rakesh Rajan Beck and Abhishek Vijeev and Vinod Ganapathy},
 journal = {ArXiv:2002.06512v3},
 title = {Privaros: A Framework for Privacy-Compliant Delivery Drones},
 year = {2020}
}

@article{2001.09991v1,
 author = {Stella Bitchebe and Djob Mvondo and Alain Tchana and Laurent Réveillère and Noël De Palma},
 journal = {ArXiv:2001.09991v1},
 title = {Intel Page Modification Logging, a hardware virtualization feature:
study and improvement for virtual machine working set estimation},
 year = {2020}
}

@article{2001.07450v1,
 author = {Youren Shen and Hongliang Tian and Yu Chen and Kang Chen and Runji Wang and Yi Xu and Yubin Xia},
 journal = {ArXiv:2001.07450v1},
 title = {Occlum: Secure and Efficient Multitasking Inside a Single Enclave of
Intel SGX},
 year = {2020}
}

@article{2001.07045v1,
 author = {Javier Picorel and Seyed Alireza Sanaee Kohroudi and Zi Yan and Abhishek Bhattacharjee and Babak Falsafi and Djordje Jevdjic},
 journal = {ArXiv:2001.07045v1},
 title = {SPARTA: A Divide and Conquer Approach to Address Translation for
Accelerators},
 year = {2020}
}

@article{2001.06159v1,
 author = {Debasis Dwibedy and Rakesh Mohanty},
 journal = {ArXiv:2001.06159v1},
 title = {A New Fairness Model based on User's Objective for Multi-user
Multi-processor Online Scheduling},
 year = {2020}
}

@article{2001.05747v2,
 author = {Mario Günzel and Jian-Jia Chen},
 journal = {ArXiv:2001.05747v2},
 title = {On Schedulability Analysis of EDF Scheduling by Considering Suspension
as Blocking},
 year = {2020}
}

@article{2001.04698v1,
 author = {Debasis Dwibedy and Rakesh Mohanty},
 journal = {ArXiv:2001.04698v1},
 title = {Online Scheduling with Makespan Minimization: State of the Art Results,
Research Challenges and Open Problems},
 year = {2020}
}

@article{2001.01442v1,
 author = {Denis Efremov and Ilya Shchepetkov},
 journal = {ArXiv:2001.01442v1},
 title = {Runtime Verification of Linux Kernel Security Module},
 year = {2020}
}

@article{1912.10959v2,
 author = {Waqar Ali and Rodolfo Pellizzoni and Heechul Yun},
 journal = {ArXiv:1912.10959v2},
 title = {Virtual Gang based Scheduling of Real-Time Tasks on Multicore Platforms},
 year = {2019}
}

@article{1912.10666v2,
 author = {Yutian Yang and Songbo Zhu and Wenbo Shen and Yajin Zhou and Jiadong Sun and Kui Ren},
 journal = {ArXiv:1912.10666v2},
 title = {ARM Pointer Authentication based Forward-Edge and Backward-Edge Control
Flow Integrity for Kernels},
 year = {2019}
}

@article{1912.10367v2,
 author = {Gauthier Voron and Vincent Gramoli},
 journal = {ArXiv:1912.10367v2},
 title = {Dispel: Byzantine SMR with Distributed Pipelining},
 year = {2019}
}

@article{2001.08169v1,
 author = {Nawanol Theera-Ampornpunt and Shikhar Suryavansh and Sameer Manchanda and Rajesh Panta and Kaustubh Joshi and Mostafa Ammar and Mung Chiang and Saurabh Bagchi},
 journal = {ArXiv:2001.08169v1},
 title = {AppStreamer: Reducing Storage Requirements of Mobile Games through
Predictive Streaming},
 year = {2019}
}

@article{1912.06998v1,
 author = {Sungjoon Koh and Junhyeok Jang and Changrim Lee and Miryeong Kwon and Jie Zhang and Myoungsoo Jung},
 journal = {ArXiv:1912.06998v1},
 title = {Faster than Flash: An In-Depth Study of System Challenges for Emerging
Ultra-Low Latency SSDs},
 year = {2019}
}

@article{1912.06863v1,
 author = {Ronny Chevalier and David Plaquin and Chris Dalton and Guillaume Hiet},
 journal = {ArXiv:1912.06863v1},
 title = {Survivor: A Fine-Grained Intrusion Response and Recovery Approach for
Commodity Operating Systems},
 year = {2019}
}

@article{1912.03923v1,
 author = {Nicolas Gibelin and Rémi Cailletaud and Gabriel Moreau and Jean-François Scariot and Gabrielle Feltin and Anthony Defize},
 journal = {ArXiv:1912.03923v1},
 title = {Nova -- A rainbow cloud over the Alps},
 year = {2019}
}

@article{1912.03490v1,
 author = {Domenico Cotroneo and Antonio Ken Iannillo and Roberto Natella and Stefano Rosiello},
 journal = {ArXiv:1912.03490v1},
 title = {Dependability Assessment of the Android OS through Fault Injection},
 year = {2019}
}

@article{1912.00580v1,
 author = {Pulkit A. Misra and Jeffrey S. Chase and Johannes Gehrke and Alvin R. Lebeck},
 journal = {ArXiv:1912.00580v1},
 title = {Multi-version Indexing in Flash-based Key-Value Stores},
 year = {2019}
}

@article{1912.01161v1,
 author = {Thi Huyen Chau Nguyen and Werner Grass and Klaus Jansen},
 journal = {ArXiv:1912.01161v1},
 title = {Exact Polynomial Time Algorithm for the Response Time Analysis of
Harmonic Tasks with Constrained Release Jitter},
 year = {2019}
}

@article{1911.11937v2,
 author = {Monowar Hasan and Sibin Mohan and Rodolfo Pellizzoni and Rakesh B. Bobba},
 journal = {ArXiv:1911.11937v2},
 title = {Period Adaptation for Continuous Security Monitoring in Multicore
Real-Time Systems},
 year = {2019}
}

@article{1911.13208v2,
 author = {Lei Liu},
 journal = {ArXiv:1911.13208v2},
 title = {QoS-Aware Machine Learning-based Multiple Resources Scheduling for
Microservices in Cloud Environment},
 year = {2019}
}

@article{1911.09829v1,
 author = {Hasan Al Maruf and Mosharaf Chowdhury},
 journal = {ArXiv:1911.09829v1},
 title = {Effectively Prefetching Remote Memory with Leap},
 year = {2019}
}

@article{1911.08773v1,
 author = {Roni Haecki and Lukas Humbel and Reto Achermann and David Cock and Daniel Schwyn and Timothy Roscoe},
 journal = {ArXiv:1911.08773v1},
 title = {CleanQ: a lightweight, uniform, formally specified interface for
intra-machine data transfer},
 year = {2019}
}

@article{1911.08367v1,
 author = {Simon Gerber and Gerd Zellweger and Reto Achermann and Moritz Hoffmann and Kornilios Kourtis and Timothy Roscoe and Dejan Milojicic},
 journal = {ArXiv:1911.08367v1},
 title = {Cichlid: Explicit physical memory management for large machines},
 year = {2019}
}

@article{1910.14546v1,
 author = {Bharath Honnesara Sreenivasa and Ajay Rajan},
 journal = {ArXiv:1910.14546v1},
 title = {Debian Package usage profiler for Debian based Systems},
 year = {2019}
}

@article{1910.13056v1,
 author = {Sebastian Angel and Mihir Nanavati and Siddhartha Sen},
 journal = {ArXiv:1910.13056v1},
 title = {Disaggregation and the Application},
 year = {2019}
}

@article{1910.09277v1,
 author = {Zhi Zhang and Yueqiang Cheng},
 journal = {ArXiv:1910.09277v1},
 title = {PiBooster: A Light-Weight Approach to Performance Improvements in Page
Table Management for Paravirtual Virtual-Machines},
 year = {2019}
}

@article{1910.05398v2,
 author = {Reto Achermann and Ashish Panwar and Abhishek Bhattacharjee and Timothy Roscoe and Jayneel Gandhi},
 journal = {ArXiv:1910.05398v2},
 title = {Mitosis: Transparently Self-Replicating Page-Tables for Large-Memory
Machines},
 year = {2019}
}

@article{1910.04949v1,
 author = {Wei-Ming Chen and  Tei-Wei-Kuo and Pi-Cheng Hsiu},
 journal = {ArXiv:1910.04949v1},
 title = {Enabling Failure-resilient Intermittent Systems Without Runtime
Checkpointing},
 year = {2019}
}

@article{1910.05106v2,
 author = {Thomas E. Anderson and Marco Canini and Jongyul Kim and Dejan Kostić and Youngjin Kwon and Simon Peter and Waleed Reda and Henry N. Schuh and Emmett Witchel},
 journal = {ArXiv:1910.05106v2},
 title = {Assise: Performance and Availability via NVM Colocation in a Distributed
File System},
 year = {2019}
}

@article{1910.01558v1,
 author = {James Cadden and Thomas Unger and Yara Awad and Han Dong and Orran Krieger and Jonathan Appavoo},
 journal = {ArXiv:1910.01558v1},
 title = {SEUSS: Rapid serverless deployment using environment snapshots},
 year = {2019}
}

@article{1910.01642v1,
 author = {Shreshth Tuli and Shikhar Tuli and Udit Jain and Rajkumar Buyya},
 journal = {ArXiv:1910.01642v1},
 title = {APEX: Adaptive Ext4 File System for Enhanced Data Recoverability in Edge
Devices},
 year = {2019}
}

@article{1909.11644v2,
 author = {Reza Fotohi and Mehdi Effatparvar and Fateme Sarkohaki and Shahram Behzad and Jaber Hoseini balov},
 journal = {ArXiv:1909.11644v2},
 title = {An Improvement Over Threads Communications on Multi-Core Processors},
 year = {2019}
}

@article{1909.10377v1,
 author = {Shesha Sreenivasamurthy and Ethan Miller},
 journal = {ArXiv:1909.10377v1},
 title = {SIVSHM: Secure Inter-VM Shared Memory},
 year = {2019}
}

@article{1909.10123v1,
 author = {Rohan Kadekodi and Se Kwon Lee and Sanidhya Kashyap and Taesoo Kim and Aasheesh Kolli and Vijay Chidambaram},
 journal = {ArXiv:1909.10123v1},
 title = {SplitFS: Reducing Software Overhead in File Systems for Persistent
Memory},
 year = {2019}
}

@article{1909.09600v1,
 author = {Björn B. Brandenburg},
 journal = {ArXiv:1909.09600v1},
 title = {Multiprocessor Real-Time Locking Protocols: A Systematic Review},
 year = {2019}
}

@article{1909.09294v1,
 author = {Christopher Jelesnianski and Jinwoo Yom and Changwoo Min and Yeongjin Jang},
 journal = {ArXiv:1909.09294v1},
 title = {Making Code Re-randomization Practical with MARDU},
 year = {2019}
}

@article{1909.07820v2,
 author = {Sisheng Liang and Zhou Yang and Fang Jin and Yong Chen},
 journal = {ArXiv:1909.07820v2},
 title = {Data Centers Job Scheduling with Deep Reinforcement Learning},
 year = {2019}
}

@article{1909.05349v2,
 author = {Ayoosh Bansal and Jayati Singh and Yifan Hao and Jen-Yang Wen and Renato Mancuso and Marco Caccamo},
 journal = {ArXiv:1909.05349v2},
 title = {Cache Where you Want! Reconciling Predictability and Coherent Caching},
 year = {2019}
}

@article{1909.04659v1,
 author = {Jie Gao and Lian Zhao and  Xuemin and  Shen},
 journal = {ArXiv:1909.04659v1},
 title = {The Study of Dynamic Caching via State Transition Field -- the Case of
Time-Varying Popularity},
 year = {2019}
}

@article{1909.04658v1,
 author = {Jie Gao and Lian Zhao and  Xuemin and  Shen},
 journal = {ArXiv:1909.04658v1},
 title = {The Study of Dynamic Caching via State Transition Field -- the Case of
Time-Invariant Popularity},
 year = {2019}
}

@article{1909.01843v1,
 author = {Adarsha Balaji and Anup Das and Yuefeng Wu and Khanh Huynh and Francesco Dell'Anna and Giacomo Indiveri and Jeffrey L. Krichmar and Nikil Dutt and Siebren Schaafsma and Francky Catthoor},
 journal = {ArXiv:1909.01843v1},
 title = {Mapping Spiking Neural Networks to Neuromorphic Hardware},
 year = {2019}
}

@article{1909.00805v1,
 author = {Yimeng Liu and Zhiwen Yu and Bin Guo and Qi Han and Jiangbin Su and Jiahao Liao},
 journal = {ArXiv:1909.00805v1},
 title = {CrowdOS: A Ubiquitous Operating System for Crowdsourcing and Mobile
Crowd Sensing},
 year = {2019}
}

@article{1908.11648v3,
 author = {Shubhendra Pal Singhal and M. Sridevi and N Sathya Narayanan and M J Shankar Raman},
 journal = {ArXiv:1908.11648v3},
 title = {Porting of eChronos RTOS on RISC-V Architecture},
 year = {2019}
}

@article{1908.11143v3,
 author = {Christian Priebe and Divya Muthukumaran and Joshua Lind and Huanzhou Zhu and Shujie Cui and Vasily A. Sartakov and Peter Pietzuch},
 journal = {ArXiv:1908.11143v3},
 title = {SGX-LKL: Securing the Host OS Interface for Trusted Execution},
 year = {2019}
}

@article{1908.10740v1,
 author = {Youmin Chen and Youyou Lu and Bohong Zhu and Jiwu Shu},
 journal = {ArXiv:1908.10740v1},
 title = {Kernel/User-level Collaborative Persistent Memory File System with
Efficiency and Protection},
 year = {2019}
}

@article{1908.09922v1,
 author = {Rajat Kateja and Nathan Beckmann and Gregory R. Ganger},
 journal = {ArXiv:1908.09922v1},
 title = {Tvarak: Software-managed hardware offload for DAX NVM storage redundancy},
 year = {2019}
}

@article{1908.08707v1,
 author = {Reto Achermann and Nora Hossle and Lukas Humbel and Daniel Schwyn and David Cock and Timothy Roscoe},
 journal = {ArXiv:1908.08707v1},
 title = {A Least-Privilege Memory Protection Model for Modern Hardware},
 year = {2019}
}

@article{1908.07159v1,
 author = {Dongxu Ji and Qianying Zhang and Shijun Zhao and Zhiping Shi and Yong Guan},
 journal = {ArXiv:1908.07159v1},
 title = {MicroTEE: Designing TEE OS Based on the Microkernel Architecture},
 year = {2019}
}

@article{1908.06807v2,
 author = {Ahmad Golchin and Soham Sinha and Richard West},
 journal = {ArXiv:1908.06807v2},
 title = {Boomerang: Real-Time I/O Meets Legacy Systems},
 year = {2019}
}

@article{1908.06211v2,
 author = {Soham Sinha and Richard West and Ahmad Golchin},
 journal = {ArXiv:1908.06211v2},
 title = {PAStime: Progress-aware Scheduling for Time-critical Computing},
 year = {2019}
}

@article{1908.03638v1,
 author = {Wei Zhou and Le Guan and Peng Liu and Yuqing Zhang},
 journal = {ArXiv:1908.03638v1},
 title = {Good Motive but Bad Design: Why ARM MPU Has Become an Outcast in
Embedded Systems},
 year = {2019}
}

@article{1908.01167v1,
 author = {Amar Ranjan Dash and Sandipta Kumar Sahu and B Kewal},
 journal = {ArXiv:1908.01167v1},
 title = {An Optimized Disk Scheduling Algorithm With Bad-Sector Management},
 year = {2019}
}

@article{1907.13245v2,
 author = {Marcela S. Melara and Michael J. Freedman and Mic Bowman},
 journal = {ArXiv:1907.13245v2},
 title = {EnclaveDom: Privilege Separation for Large-TCB Applications in Trusted
Execution Environments},
 year = {2019}
}

@article{1907.12014v1,
 author = {Takahiro Hirofuchi and Ryousei Takano},
 journal = {ArXiv:1907.12014v1},
 title = {The Preliminary Evaluation of a Hypervisor-based Virtualization
Mechanism for Intel Optane DC Persistent Memory Module},
 year = {2019}
}

@article{1907.11825v1,
 author = {Viacheslav Dubeyko},
 journal = {ArXiv:1907.11825v1},
 title = {SSDFS: Towards LFS Flash-Friendly File System without GC operation},
 year = {2019}
}

@article{1907.10119v2,
 author = {Dayeol Lee and David Kohlbrenner and Shweta Shinde and Dawn Song and Krste Asanović},
 journal = {ArXiv:1907.10119v2},
 title = {Keystone: An Open Framework for Architecting TEEs},
 year = {2019}
}

@article{1907.05308v1,
 author = {Michael Greenberg and Austin J. Blatt},
 journal = {ArXiv:1907.05308v1},
 title = {Executable formal semantics for the POSIX shell},
 year = {2019}
}

@article{1907.03356v1,
 author = {Petr Ročkai and Zuzana Baranová and Jan Mrázek and Katarína Kejstová and Jiří Barnat},
 journal = {ArXiv:1907.03356v1},
 title = {Reproducible Execution of POSIX Programs with DiOS},
 year = {2019}
}

@article{1907.02064v4,
 author = {Mark D. Hill and Vijay Janapa Reddi},
 journal = {ArXiv:1907.02064v4},
 title = {Accelerator-level Parallelism},
 year = {2019}
}

@article{1907.00271v1,
 author = {Kartik Hegde and Abhishek Srivastava and Rohit Agrawal},
 journal = {ArXiv:1907.00271v1},
 title = {HTS: A Hardware Task Scheduler for Heterogeneous Systems},
 year = {2019}
}

@article{1906.10860v2,
 author = {Adam Lev-Libfeld},
 journal = {ArXiv:1906.10860v2},
 title = {Lawn: an Unbound Low Latency Timer Data Structure for Large Scale, High
Throughput Systems},
 year = {2019}
}

@article{1906.10239v1,
 author = {Jan S. Rellermeyer and Maher Amer and Richard Smutzer and Karthick Rajamani},
 journal = {ArXiv:1906.10239v1},
 title = {Container Density Improvements with Dynamic Memory Extension using NAND
Flash},
 year = {2019}
}

@article{1906.09799v2,
 author = {Julien Amacher and Valerio Schiavoni},
 journal = {ArXiv:1906.09799v2},
 title = {On The Performance of ARM TrustZone},
 year = {2019}
}

@article{1906.07124v1,
 author = {Ganguk Lee and Yeaseul Park and Jeongseob Ahn and Youngjin Kwon},
 journal = {ArXiv:1906.07124v1},
 title = {Slicing the IO execution with ReLayTracer},
 year = {2019}
}

@article{1906.03724v1,
 author = {Tegg Taekyong Sung and Valliappa Chockalingam and Alex Yahja and Bo Ryu},
 journal = {ArXiv:1906.03724v1},
 title = {Neural Heterogeneous Scheduler},
 year = {2019}
}

@article{1906.00834v1,
 author = {Maruthi Rohit Ayyagari},
 journal = {ArXiv:1906.00834v1},
 title = {Cache Contention on Multicore Systems: An Ontology-based Approach},
 year = {2019}
}

@article{1905.12974v3,
 author = {Anirban Chakraborty and Sarani Bhattacharya and Sayandeep Saha and Debdeep Mukhopadhyay},
 journal = {ArXiv:1905.12974v3},
 title = {ExplFrame: Exploiting Page Frame Cache for Fault Analysis of Block
Ciphers},
 year = {2019}
}

@article{1905.11788v1,
 author = {Stefan Reif and Andreas Schmidt and Timo Hönig and Thorsten Herfet and Wolfgang Schröder-Preikschat},
 journal = {ArXiv:1905.11788v1},
 title = {$Δ$elta: Differential Energy-Efficiency, Latency, and Timing
Analysis for Real-Time Networks},
 year = {2019}
}

@article{1905.10818v2,
 author = {Dave Dice and Alex Kogan},
 journal = {ArXiv:1905.10818v2},
 title = {Avoiding Scalability Collapse by Restricting Concurrency},
 year = {2019}
}

@article{1905.10141v1,
 author = {Enis Ulqinaku and Julinda Stefa and Alessandro Mei},
 journal = {ArXiv:1905.10141v1},
 title = {Scan-and-Pay on Android is Dangerous},
 year = {2019}
}

@article{1905.09543v1,
 author = {Igor Korkin},
 journal = {ArXiv:1905.09543v1},
 title = {MemoryRanger Prevents Hijacking FILE_OBJECT Structures in Windows Kernel},
 year = {2019}
}

@article{1905.05975v1,
 author = {Salessawi Ferede Yitbarek and Todd Austin},
 journal = {ArXiv:1905.05975v1},
 title = {Neverland: Lightweight Hardware Extensions for Enforcing Operating
System Integrity},
 year = {2019}
}

@article{1905.02529v1,
 author = {Gabriel Radanne and Thomas Gazagnaire and Anil Madhavapeddy and Jeremy Yallop and Richard Mortier and Hannes Mehnert and Mindy Preston and David Scott},
 journal = {ArXiv:1905.02529v1},
 title = {Programming Unikernels in the Large via Functor Driven Development},
 year = {2019}
}

@article{1904.11560v1,
 author = {Morteza Hoseinzadeh},
 journal = {ArXiv:1904.11560v1},
 title = {A Survey on Tiering and Caching in High-Performance Storage Systems},
 year = {2019}
}

@article{1904.09984v1,
 author = {Moo-Ryong Ra and Hee Won Lee},
 journal = {ArXiv:1904.09984v1},
 title = {IOArbiter: Dynamic Provisioning of Backend Block Storage in the Cloud},
 year = {2019}
}

@article{1904.12595v1,
 author = {Rohan Garg and Gregory Price and Gene Cooperman},
 journal = {ArXiv:1904.12595v1},
 title = {MANA for MPI: MPI-Agnostic Network-Agnostic Transparent Checkpointing},
 year = {2019}
}

@article{1904.05572v2,
 author = {René Mayrhofer and Jeffrey Vander Stoep and Chad Brubaker and Nick Kralevich},
 journal = {ArXiv:1904.05572v2},
 title = {The Android Platform Security Model},
 year = {2019}
}

@article{1904.05012v1,
 author = {Jinwoo Ahn and Donggyu Park and Chang-Gyu Lee and Donghyun Min and Junghee Lee and Sungyong Park and Qian Chen and Youngjae Kim},
 journal = {ArXiv:1904.05012v1},
 title = {KEY-SSD: Access-Control Drive to Protect Files from Ransomware Attacks},
 year = {2019}
}

@article{1903.09310v4,
 author = {Fabien Bouquillon and Clément Ballabriga and Giuseppe Lipari and Smail Niar},
 journal = {ArXiv:1903.09310v4},
 title = {A WCET-aware cache coloring technique for reducing interference in
real-time systems},
 year = {2019}
}

@article{1903.09347v1,
 author = {María F. Borge and Florin Dinu and Willy Zwaenepoel},
 journal = {ArXiv:1903.09347v1},
 title = {Understanding and taming SSD read performance variability: HDFS case
study},
 year = {2019}
}

@article{1903.06889v1,
 author = {Hsuan-Chi Kuo and Akshith Gunasekaran and Yeongjin Jang and Sibin Mohan and Rakesh B. Bobba and David Lie and Jesse Walker},
 journal = {ArXiv:1903.06889v1},
 title = {MultiK: A Framework for Orchestrating Multiple Specialized Kernels},
 year = {2019}
}

@article{1903.04075v1,
 author = {Viacheslav Dubeyko and Om Rameshwar Gatla and Mai Zheng},
 journal = {ArXiv:1903.04075v1},
 title = {Nature of System Calls in CPU-centric Computing Paradigm},
 year = {2019}
}

@article{1903.03701v1,
 author = {Viacheslav Dubeyko},
 journal = {ArXiv:1903.03701v1},
 title = {Processor in Non-Volatile Memory (PiNVSM): Towards to Data-centric
Computing in Decentralized Environment},
 year = {2019}
}

@article{1903.01955v1,
 author = {Peter Braam},
 journal = {ArXiv:1903.01955v1},
 title = {The Lustre Storage Architecture},
 year = {2019}
}

@article{1903.01950v2,
 author = {Marcela S. Melara and David H. Liu and Michael J. Freedman},
 journal = {ArXiv:1903.01950v2},
 title = {Pyronia: Intra-Process Access Control for IoT Applications},
 year = {2019}
}

@article{1903.01314v1,
 author = {Michael G Bechtel and Heechul Yun},
 journal = {ArXiv:1903.01314v1},
 title = {Denial-of-Service Attacks on Shared Cache in Multicore: Analysis and
Prevention},
 year = {2019}
}

@article{1902.09493v1,
 author = {Christian M. Fuchs and Nadia M. Murillo and Aske Plaat and Erik van der Kouwe and Todor Stefanov},
 journal = {ArXiv:1902.09493v1},
 title = {Dynamic Fault Tolerance Through Resource Pooling},
 year = {2019}
}

@article{1902.03383v1,
 author = {Eric Jonas and Johann Schleier-Smith and Vikram Sreekanti and Chia-Che Tsai and Anurag Khandelwal and Qifan Pu and Vaishaal Shankar and Joao Carreira and Karl Krauth and Neeraja Yadwadkar and Joseph E. Gonzalez and Raluca Ada Popa and Ion Stoica and David A. Patterson},
 journal = {ArXiv:1902.03383v1},
 title = {Cloud Programming Simplified: A Berkeley View on Serverless Computing},
 year = {2019}
}

@article{1902.00660v1,
 author = {Nachshon Cohen and David T. Aksun and Hillel Avni and James R. Larus},
 journal = {ArXiv:1902.00660v1},
 title = {Fine-Grain Checkpointing with In-Cache-Line Logging},
 year = {2019}
}

@article{1901.10664v2,
 author = {Paul Emmerich and Maximilian Pudelko and Simon Bauer and Stefan Huber and Thomas Zwickl and Georg Carle},
 journal = {ArXiv:1901.10664v2},
 title = {User Space Network Drivers},
 year = {2019}
}

@article{1901.08338v1,
 author = {Gernot Heiser and Gerwin Klein and Toby Murray},
 journal = {ArXiv:1901.08338v1},
 title = {Can We Prove Time Protection?},
 year = {2019}
}

@article{1901.07732v1,
 author = {Paul Ratazzi and Ashok Bommisetti and Nian Ji and Wenliang Du},
 journal = {ArXiv:1901.07732v1},
 title = {PINPOINT: Efficient and Effective Resource Isolation for Mobile Security
and Privacy},
 year = {2019}
}

@article{1901.06360v1,
 author = {Kyle C. Hale and Conor Hetland and Peter Dinda},
 journal = {ArXiv:1901.06360v1},
 title = {Multiverse: Easy Conversion of Runtime Systems into OS Kernels via
Automatic Hybridization},
 year = {2019}
}

@article{1901.02450v1,
 author = {Houssam-Eddine Zahaf and Nicola Capodieci and Roberto Cavicchioli and Marko Bertogna and Giuseppe Lipari},
 journal = {ArXiv:1901.02450v1},
 title = {A C-DAG task model for scheduling complex real-time tasks on
heterogeneous platforms: preemption matters},
 year = {2019}
}

@article{1901.01340v1,
 author = {Viacheslav Dubeyko},
 journal = {ArXiv:1901.01340v1},
 title = {File System in Data-Centric Computing},
 year = {2019}
}

@article{1901.01222v1,
 author = {Yuxin Ren and Vlad Nitu and Guyue Liu and Gabriel Parmer and Timothy Wood and Alain Tchana and Riley Kennedy},
 journal = {ArXiv:1901.01222v1},
 title = {Efficient, Dynamic Multi-tenant Edge Computation in EdgeOS},
 year = {2019}
}

@article{1901.00825v1,
 author = {Chen Zheng and Lei Wang and Sally A. McKee and Lixin Zhang and Hainan Ye and Jianfeng Zhan},
 journal = {ArXiv:1901.00825v1},
 title = {XOS: An Application-Defined Operating System for Data Center Servers},
 year = {2019}
}

@article{1812.09920v1,
 author = {Igor Korkin},
 journal = {ArXiv:1812.09920v1},
 title = {Divide et Impera: MemoryRanger Runs Drivers in Isolated Kernel Spaces},
 year = {2018}
}

@article{1812.09822v5,
 author = {Thomas Bourgeat and Ilia Lebedev and Andrew Wright and Sizhuo Zhang and  Arvind and Srinivas Devadas},
 journal = {ArXiv:1812.09822v5},
 title = {MI6: Secure Enclaves in a Speculative Out-of-Order Processor},
 year = {2018}
}

@article{1812.07723v1,
 author = {Amirhossein Esmaili and Mahdi Nazemi and Massoud Pedram},
 journal = {ArXiv:1812.07723v1},
 title = {Modeling Processor Idle Times in MPSoC Platforms to Enable Integrated
DPM, DVFS, and Task Scheduling Subject to a Hard Deadline},
 year = {2018}
}

@article{1811.09792v2,
 author = {Rafael Roman Otero and Alex Aravind},
 journal = {ArXiv:1811.09792v2},
 title = {MiniOS: an instructional platform for teaching operating systems labs},
 year = {2018}
}

@article{1811.05000v3,
 author = {Liwei Guo and Shuang Zhai and Yi Qiao and Felix Xiaozhu Lin},
 journal = {ArXiv:1811.05000v3},
 title = {Transkernel: Bridging Monolithic Kernels to Peripheral Cores},
 year = {2018}
}

@article{1811.00757v1,
 author = {Chandan Kalita and Gautam Barua and Priya Sehgal},
 journal = {ArXiv:1811.00757v1},
 title = {DurableFS: A File System for Persistent Memory},
 year = {2018}
}

@article{1810.05600v2,
 author = {Dave Dice and Alex Kogan},
 journal = {ArXiv:1810.05600v2},
 title = {Compact NUMA-Aware Locks},
 year = {2018}
}

@article{1810.05345v2,
 author = {Qian Ge and Yuval Yarom and Tom Chothia and Gernot Heiser},
 journal = {ArXiv:1810.05345v2},
 title = {Time Protection: the Missing OS Abstraction},
 year = {2018}
}

@article{1810.05068v1,
 author = {Takumi Shimada and Takeshi Yashiro and Ken Sakamura},
 journal = {ArXiv:1810.05068v1},
 title = {T-Visor: A Hypervisor for Mixed Criticality Embedded Real-time System
with Hardware Virtualization Support},
 year = {2018}
}

@article{1810.04603v1,
 author = {Duwon Hong and Myungsuk Kim and Jisung Park and Myoungsoo Jung and Jihong Kim},
 journal = {ArXiv:1810.04603v1},
 title = {Revitalizing Copybacks in Modern SSDs: Why and How},
 year = {2018}
}

@article{1810.04309v1,
 author = {Mihir Parang Mehta},
 journal = {ArXiv:1810.04309v1},
 title = {Formalising Filesystems in the ACL2 Theorem Prover: an Application to
FAT32},
 year = {2018}
}

@article{1810.02904v1,
 author = {Jayashree Mohan and Ashlie Martinez and Soujanya Ponnapalli and Pandian Raju and Vijay Chidambaram},
 journal = {ArXiv:1810.02904v1},
 title = {Finding Crash-Consistency Bugs with Bounded Black-Box Crash Testing},
 year = {2018}
}

@article{1810.01573v4,
 author = {Dave Dice and Alex Kogan},
 journal = {ArXiv:1810.01573v4},
 title = {TWA -- Ticket Locks Augmented with a Waiting Array},
 year = {2018}
}

@article{1810.01553v3,
 author = {David Dice and Alex Kogan},
 journal = {ArXiv:1810.01553v3},
 title = {BRAVO -- Biased Locking for Reader-Writer Locks},
 year = {2018}
}

@article{1810.01139v1,
 author = {Javier Verdu and Juan Jose Costa and Beatriz Otero and Eva Rodriguez and Alex Pajuelo and Ramon Canal},
 journal = {ArXiv:1810.01139v1},
 title = {Platform-Agnostic Steal-Time Measurement in a Guest Operating System},
 year = {2018}
}

@article{1809.07701v1,
 author = {Pier Luigi Ventre and Paolo Lungaroni and Giuseppe Siracusano and Claudio Pisa and Florian Schmidt and Francesco Lombardo and Stefano Salsano},
 journal = {ArXiv:1809.07701v1},
 title = {On the Fly Orchestration of Unikernels: Tuning and Performance
Evaluation of Virtual Infrastructure Managers},
 year = {2018}
}

@article{1809.02892v1,
 author = {Jian-Jia Chen and Georg von der Brüggen and Junjie Shi and Niklas Uete},
 journal = {ArXiv:1809.02892v1},
 title = {Dependency Graph Approach for Multiprocessor Real-Time Synchronization},
 year = {2018}
}

@article{1809.00121v1,
 author = {Behnam Dezfouli and Vahid Esmaeelzadeh and Jaykumar Sheth and Marjan Radi},
 journal = {ArXiv:1809.00121v1},
 title = {A Review of Software-Defined WLANs: Architectures and Central Control
Mechanisms},
 year = {2018}
}

@article{1808.10821v1,
 author = {Carlos San Vicente Gutiérrez and Lander Usategui San Juan and Irati Zamalloa Ugarte and Víctor Mayoral Vilches},
 journal = {ArXiv:1808.10821v1},
 title = {Real-time Linux communications: an evaluation of the Linux communication
stack for real-time robotic applications},
 year = {2018}
}

@article{1808.10097v2,
 author = {Immanuel Amirtharaj and Tai Groot and Behnam Dezfouli},
 journal = {ArXiv:1808.10097v2},
 title = {Profiling and Improving the Duty-Cycling Performance of Linux-based IoT
Devices},
 year = {2018}
}

@article{1808.06434v1,
 author = {Stefan Reif and Andreas Schmidt and Timo Hönig and Thorsten Herfet and Wolfgang Schröder-Preikschat},
 journal = {ArXiv:1808.06434v1},
 title = {X-Lap: A Systems Approach for Cross-Layer Profiling and Latency Analysis
for Cyber-Physical Networks},
 year = {2018}
}

@article{1808.06049v2,
 author = {Thomas Pasquier and Xueyuan Han and Thomas Moyer and Adam Bates and Olivier Hermant and David Eyers and Jean Bacon and Margo Seltzer},
 journal = {ArXiv:1808.06049v2},
 title = {Runtime Analysis of Whole-System Provenance},
 year = {2018}
}

@article{1808.08192v1,
 author = {Sumit Maheshwari and Saurabh Deochake and Ridip De and Anish Grover},
 journal = {ArXiv:1808.08192v1},
 title = {Comparative Study of Virtual Machines and Containers for DevOps
Developers},
 year = {2018}
}

@article{1808.04239v1,
 author = {Chen-Kai Lin and  Ching-Chun and  Huang and Bow-Yaw Wang},
 journal = {ArXiv:1808.04239v1},
 title = {A Spin-based model checking for the simple concurrent program on a
preemptive RTOS},
 year = {2018}
}

@article{1808.05579v1,
 author = {Giuseppe Petracca and Jens Grossklags and Patrick McDaniel and Trent Jaeger},
 journal = {ArXiv:1808.05579v1},
 title = {Regulating Access to System Sensors in Cooperating Programs},
 year = {2018}
}

@article{1808.05078v2,
 author = {Heejin Park and Shuang Zhai and Long Lu and Felix Xiaozhu Lin},
 journal = {ArXiv:1808.05078v2},
 title = {StreamBox-TZ: Secure Stream Analytics at the Edge with TrustZone},
 year = {2018}
}

@article{1808.00017v1,
 author = {Zheng Dong and Cong Liu},
 journal = {ArXiv:1808.00017v1},
 title = {New Analysis Techniques for Supporting Hard Real-Time Sporadic DAG Task
Systems on Multiprocessors},
 year = {2018}
}

@article{1807.09696v1,
 author = {Daniel G. Waddington},
 journal = {ArXiv:1807.09696v1},
 title = {Fast & Flexible IO : A Compositional Approach to Storage Construction
for High-Performance Devices},
 year = {2018}
}

@article{1808.07353v1,
 author = {David Kreitschmann},
 journal = {ArXiv:1808.07353v1},
 title = {User Manual for the Apple CoreCapture Framework},
 year = {2018}
}

@article{1807.05308v1,
 author = {Jeremy Kepner and Ron Brightwell and Alan Edelman and Vijay Gadepally and Hayden Jananthan and Michael Jones and Sam Madden and Peter Michaleas and Hamed Okhravi and Kevin Pedretti and Albert Reuther and Thomas Sterling and Mike Stonebraker},
 journal = {ArXiv:1807.05308v1},
 title = {TabulaROSA: Tabular Operating System Architecture for Massively Parallel
Heterogeneous Compute Engines},
 year = {2018}
}

@article{1807.03546v1,
 author = {Oskar Schirmer},
 journal = {ArXiv:1807.03546v1},
 title = {Parallel Architecture Hardware and General Purpose Operating System
Co-design},
 year = {2018}
}

@article{1806.11431v1,
 author = {Flavio R Massaro Jr. and Paulo S. Martins and Edson L. Ursini},
 journal = {ArXiv:1806.11431v1},
 title = {Integrating Proactive Mode Changes in Mixed Criticality Systems},
 year = {2018}
}

@article{1806.07480v1,
 author = {Julian Stecklina and Thomas Prescher},
 journal = {ArXiv:1806.07480v1},
 title = {LazyFP: Leaking FPU Register State using Microarchitectural
Side-Channels},
 year = {2018}
}

@article{1806.01589v2,
 author = {Paolo Torroni and Zeynep Kiziltan and Eugenio Faldella},
 journal = {ArXiv:1806.01589v2},
 title = {Blocking time under basic priority inheritance: Polynomial bound and
exact computation},
 year = {2018}
}

@article{1806.01147v1,
 author = {Janis Danisevskis and Michael Peter and Jan Nordholz},
 journal = {ArXiv:1806.01147v1},
 title = {Minimizing Event-Handling Latencies in Secure Virtual Machines},
 year = {2018}
}

@article{1806.00680v2,
 author = {Anuj Kalia and Michael Kaminsky and David G. Andersen},
 journal = {ArXiv:1806.00680v2},
 title = {Datacenter RPCs can be General and Fast},
 year = {2018}
}

@article{1805.02514v1,
 author = {Reza Salkhordeh and Hossein Asadi},
 journal = {ArXiv:1805.02514v1},
 title = {An Operating System Level Data Migration Scheme in Hybrid DRAM-NVM
Memory Architecture},
 year = {2018}
}

@article{1804.11265v1,
 author = {Rachata Ausavarungnirun and Joshua Landgraf and Vance Miller and Saugata Ghose and Jayneel Gandhi and Christopher J. Rossbach and Onur Mutlu},
 journal = {ArXiv:1804.11265v1},
 title = {Mosaic: An Application-Transparent Hardware-Software Cooperative Memory
Manager for GPUs},
 year = {2018}
}

@article{1804.01226v1,
 author = {Hongyu Liu and Sam Silvestro and Wei Wang and Chen Tian and Tongping Liu},
 journal = {ArXiv:1804.01226v1},
 title = {iReplayer: In-situ and Identical Record-and-Replay for Multithreaded
Applications},
 year = {2018}
}

@article{1804.00705v1,
 author = {Shinsuke Hamada and Soramichi Akiyama and Mitaro Namiki},
 journal = {ArXiv:1804.00705v1},
 title = {Reactive NaN Repair for Applying Approximate Memory to Numerical
Applications},
 year = {2018}
}

@article{1803.03951v1,
 author = {Ofir Shwartz and Yitzhak Birk},
 journal = {ArXiv:1803.03951v1},
 title = {The Secure Machine: Efficient Secure Execution On Untrusted Platforms},
 year = {2018}
}

@article{1802.10376v1,
 author = {Jian-Jia Chen and Georg von der Brüggen and Niklas Ueter},
 journal = {ArXiv:1802.10376v1},
 title = {Push Forward: Global Fixed-Priority Scheduling of Arbitrary-Deadline
Sporadic Task Systems},
 year = {2018}
}

@article{1802.07062v2,
 author = {Zhi Zhang and Yueqiang Cheng and Surya Nepal and Dongxi Liu and Qingni Shen and Fethi Rabhi},
 journal = {ArXiv:1802.07062v2},
 title = {KASR: A Reliable and Practical Approach to Attack Surface Reduction of
Commodity OS Kernels},
 year = {2018}
}

@article{1802.05802v1,
 author = {Zhuoqun Cheng and Richard West and Craig Einstein},
 journal = {ArXiv:1802.05802v1},
 title = {End-to-end Analysis and Design of a Drone Flight Controller},
 year = {2018}
}

@article{1802.00922v1,
 author = {Amr Alanwar and Fatima M. Anwar and Joao P Hespanha and Mani Srivastava},
 journal = {ArXiv:1802.00922v1},
 title = {Realizing Uncertainty-Aware Timing Stack in Embedded Operating System},
 year = {2018}
}

@article{1802.00696v1,
 author = {Diego Didona and Willy Zwaenepoel},
 journal = {ArXiv:1802.00696v1},
 title = {Size-aware Sharding For Improving Tail Latencies in In-memory Key-value
Stores},
 year = {2018}
}

@article{1802.00673v1,
 author = {Florian Schmidt and Mathias Niepert and Felipe Huici},
 journal = {ArXiv:1802.00673v1},
 title = {Representation Learning for Resource Usage Prediction},
 year = {2018}
}

@article{1801.09250v3,
 author = {Gregory Michael Price},
 journal = {ArXiv:1801.09250v3},
 title = {Virtual Breakpoints for x86/64},
 year = {2018}
}

@article{1801.08873v1,
 author = {Alexander Thomasian},
 journal = {ArXiv:1801.08873v1},
 title = {Mirrored and Hybrid Disk Arrays: Organization, Scheduling, Reliability,
and Performance},
 year = {2018}
}

@article{1801.07880v1,
 author = {Ying Ye and Zhuoqun Cheng and Soham Sinha and Richard West},
 journal = {ArXiv:1801.07880v1},
 title = {vLibOS: Babysitting OS Evolution with a Virtualized Library OS},
 year = {2018}
}

@article{1801.05637v2,
 author = {Nikolas Ioannou and Kornilios Kourtis and Ioannis Koltsidas},
 journal = {ArXiv:1801.05637v2},
 title = {Elevating commodity storage with the SALSA host translation layer},
 year = {2018}
}

@article{1801.04565v1,
 author = {Eslam Elnikety and Deepak Garg and Peter Druschel},
 journal = {ArXiv:1801.04565v1},
 title = {Shai: Enforcing Data-Specific Policies with Near-Zero Runtime Overhead},
 year = {2018}
}

@article{1801.02833v1,
 author = {Martine Lenders and Peter Kietzmann and Oliver Hahm and Hauke Petersen and Cenk Gündoğan and Emmanuel Baccelli and Kaspar Schleiser and Thomas C. Schmidt and Matthias Wählisch},
 journal = {ArXiv:1801.02833v1},
 title = {Connecting the World of Embedded Mobiles: The RIOT Approach to
Ubiquitous Networking for the Internet of Things},
 year = {2018}
}

@article{1712.08738v3,
 author = {Waqar Ali and Heechul Yun},
 journal = {ArXiv:1712.08738v3},
 title = {Protecting real-time GPU kernels on integrated CPU-GPU SoC platforms},
 year = {2017}
}

@article{1712.07759v2,
 author = {Vyacheslav Dubeyko and Cyril Guyot and Luis Cargnini and Adam Manzanares},
 journal = {ArXiv:1712.07759v2},
 title = {POSIX-based Operating System in the environment of NVM/SCM memory},
 year = {2017}
}

@article{1712.06276v1,
 author = {Houssam Eddine Zahaf and Giuseppe Lipari and Luca Abeni and Houssam-Eddine Zahaf},
 journal = {ArXiv:1712.06276v1},
 title = {Migrate when necessary: toward partitioned reclaiming for soft real-time
tasks},
 year = {2017}
}

@article{1712.05040v1,
 author = {Niklas Ueter and Georg von der Brüggen and Jian-Jia Chen and Jing Li and Kunal Agrawal},
 journal = {ArXiv:1712.05040v1},
 title = {Reservation-Based Federated Scheduling for Parallel Real-Time Tasks},
 year = {2017}
}

@article{1712.03943v3,
 author = {Carlton Shepherd and Raja Naeem Akram and Konstantinos Markantonakis},
 journal = {ArXiv:1712.03943v3},
 title = {EmLog: Tamper-Resistant System Logging for Constrained Devices with TEEs},
 year = {2017}
}

@article{1711.08139v1,
 author = {Magnus Jahnen},
 journal = {ArXiv:1711.08139v1},
 title = {Implementation of an Android Framework for USB storage access without
root rights},
 year = {2017}
}

@article{1711.07278v1,
 author = {Benjamin Hof and Georg Carle},
 journal = {ArXiv:1711.07278v1},
 title = {Software Distribution Transparency and Auditability},
 year = {2017}
}

@article{1711.08495v1,
 author = {Harini Kolamunna and Kanchana Thilakarathna and Diego Perino and Dwight Makaroff and Aruna Seneviratne},
 journal = {ArXiv:1711.08495v1},
 title = {Seamless Resources Sharing in Wearable Networks by Application Function
Virtualization},
 year = {2017}
}

@article{1711.04808v1,
 author = {Monowar Hasan and Sibin Mohan and Rodolfo Pellizzoni and Rakesh B. Bobba},
 journal = {ArXiv:1711.04808v1},
 title = {A Design-Space Exploration for Allocating Security Tasks in Multicore
Real-Time Systems},
 year = {2017}
}

@article{1711.02294v2,
 author = {Dinesh Subhraveti and Sri Goli and Serge Hallyn and Ravi Chamarthy and Christos Kozyrakis},
 journal = {ArXiv:1711.02294v2},
 title = {AppSwitch: Resolving the Application Identity Crisis},
 year = {2017}
}

@article{1711.02258v1,
 author = {Youjip Won and Jaemin Jung and Gyeongyeol Choi and Joontaek Oh and Seongbae Son and Jooyoung Hwang and Sangyeun Cho},
 journal = {ArXiv:1711.02258v1},
 title = {Barrier Enabled IO Stack for Flash Storage},
 year = {2017}
}

@article{1711.04030v1,
 author = {Zhen Huang and David Lie},
 journal = {ArXiv:1711.04030v1},
 title = {Ocasta: Clustering Configuration Settings For Error Recovery},
 year = {2017}
}

@article{1710.09921v1,
 author = {Seo Jin Park and John Ousterhout},
 journal = {ArXiv:1710.09921v1},
 title = {Exploiting Commutativity For Practical Fast Replication},
 year = {2017}
}

@article{1710.08705v1,
 author = {Stephanie Abraham and Tyler Silva and Robert Decourcy and Jim Cardon},
 journal = {ArXiv:1710.08705v1},
 title = {Tails & Tor and other tools for Safeguarding Online Activities},
 year = {2017}
}

@article{1710.06175v1,
 author = {Elena Reshetova and Hans Liljestrand and Andrew Paverd and N. Asokan},
 journal = {ArXiv:1710.06175v1},
 title = {Towards Linux Kernel Memory Safety},
 year = {2017}
}

@article{1710.03789v1,
 author = {Beom Heyn Kim and Eyal de Lara and David Lie},
 journal = {ArXiv:1710.03789v1},
 title = {The Case for a Single System Image for Personal Devices},
 year = {2017}
}

@article{1709.10140v1,
 author = {Carlos Arango and Rémy Dernat and John Sanabria},
 journal = {ArXiv:1709.10140v1},
 title = {Performance Evaluation of Container-based Virtualization for High
Performance Computing Environments},
 year = {2017}
}

@article{1709.02746v2,
 author = {Sam Silvestro and Hongyu Liu and Corey Crosser and Zhiqiang Lin and Tongping Liu},
 journal = {ArXiv:1709.02746v2},
 title = {FreeGuard: A Faster Secure Heap Allocator},
 year = {2017}
}

@article{1708.09334v1,
 author = {Theofilos Petsios and Adrian Tang and Dimitris Mitropoulos and Salvatore Stolfo and Angelos D. Keromytis and Suman Jana},
 journal = {ArXiv:1708.09334v1},
 title = {Tug-of-War: Observations on Unified Content Handling},
 year = {2017}
}

@article{1708.06931v1,
 author = {Christian M. Fuchs and Todor Stefanov and Nadia Murillo and Aske Plaat},
 journal = {ArXiv:1708.06931v1},
 title = {Bringing Fault-Tolerant GigaHertz-Computing to Space: A Multi-Stage
Software-Side Fault-Tolerance Approach for Miniaturized Spacecraft},
 year = {2017}
}

@article{1708.06450v1,
 author = {Mahoukpégo Parfait Tokponnon and Marc Lobelle and Eugene C. Ezin},
 journal = {ArXiv:1708.06450v1},
 title = {Entirely protecting operating systems against transient errors in space
environment},
 year = {2017}
}

@article{1708.00544v1,
 author = {Michael Jones and Jeremy Kepner and William Arcand and David Bestor and Bill Bergeron and Vijay Gadepally and Michael Houle and Matthew Hubbell and Peter Michaleas and Andrew Prout and Albert Reuther and Siddharth Samsi and Paul Monticiollo},
 journal = {ArXiv:1708.00544v1},
 title = {Performance Measurements of Supercomputing and Cloud Storage Solutions},
 year = {2017}
}

@article{1707.08514v1,
 author = {Jayashree Mohan and Rohan Kadekodi and Vijay Chidambaram},
 journal = {ArXiv:1707.08514v1},
 title = {Analyzing IO Amplification in Linux File Systems},
 year = {2017}
}

@article{1707.07780v1,
 author = {Blake Caldwell and Youngbin Im and Sangtae Ha and Richard Han and Eric Keller},
 journal = {ArXiv:1707.07780v1},
 title = {FluidMem: Memory as a Service for the Datacenter},
 year = {2017}
}

@article{1707.07161v1,
 author = {Gal Oren},
 journal = {ArXiv:1707.07161v1},
 title = {Optimizations of Management Algorithms for Multi-Level Memory Hierarchy},
 year = {2017}
}

@article{1707.05405v1,
 author = {Ayman Noor},
 journal = {ArXiv:1707.05405v1},
 title = {Study and Analysis of MAC/IPAD Lab Configuration},
 year = {2017}
}

@article{1707.05260v4,
 author = {Farzad Farshchi and Prathap Kumar Valsan and Renato Mancuso and Heechul Yun},
 journal = {ArXiv:1707.05260v4},
 title = {Deterministic Memory Abstraction and Supporting Multicore System
Architecture},
 year = {2017}
}

@article{1707.05082v2,
 author = {Yue Chen and Yulong Zhang and Zhi Wang and Tao Wei},
 journal = {ArXiv:1707.05082v2},
 title = {Downgrade Attack on TrustZone},
 year = {2017}
}

@article{1705.09701v1,
 author = {Peter Macko and Xiongzi Ge and John Haskins Jr. and James Kelley and David Slik and Keith A. Smith and Maxim G. Smith},
 journal = {ArXiv:1705.09701v1},
 title = {SMORE: A Cold Data Object Store for SMR Drives (Extended Version)},
 year = {2017}
}

@article{1706.02621v1,
 author = {Rajani Kumari and Vivek Kumar Sharma and Sandeep Kumar},
 journal = {ArXiv:1706.02621v1},
 title = {Design and Implementation of Modified Fuzzy based CPU Scheduling
Algorithm},
 year = {2017}
}

@article{1705.07400v1,
 author = {Juncheng Yang and Reza Karimi and Trausti Sæmundsson and Avani Wildani and Ymir Vigfusson},
 journal = {ArXiv:1705.07400v1},
 title = {MITHRIL: Mining Sporadic Associations for Cache Prefetching},
 year = {2017}
}

@article{1705.06965v2,
 author = {Ján Veselý and Arkaprava Basu and Abhishek Bhattacharjee and Gabriel Loh and Mark Oskin and Steven K. Reinhardt},
 journal = {ArXiv:1705.06965v2},
 title = {GPU System Calls},
 year = {2017}
}

@article{1705.06932v1,
 author = {Ralf Ramsauer and Jan Kiszka and Daniel Lohmann and Wolfgang Mauerer},
 journal = {ArXiv:1705.06932v1},
 title = {Look Mum, no VM Exits! (Almost)},
 year = {2017}
}

@article{1705.05798v1,
 author = {Pascal Richard and Joël Goossens and Shinpei Kato},
 journal = {ArXiv:1705.05798v1},
 title = {Comments on "Gang EDF Schedulability Analysis"},
 year = {2017}
}

@article{1705.03623v1,
 author = {Youyou Lu and Jiwu Shu and Long Sun and Onur Mutlu},
 journal = {ArXiv:1705.03623v1},
 title = {Improving the Performance and Endurance of Persistent Memory with
Loose-Ordering Consistency},
 year = {2017}
}

@article{1705.03591v1,
 author = {Tao Lu and Ping Huang and Xubin He and Matthew Welch and Steven Gonzales and Ming Zhang},
 journal = {ArXiv:1705.03591v1},
 title = {IOTune: A G-states Driver for Elastic Performance of Block Storage},
 year = {2017}
}

@article{1705.02561v1,
 author = {Chien-Ying Chen and AmirEmad Ghassami and Sibin Mohan and Negar Kiyavash and Rakesh B. Bobba and Rodolfo Pellizzoni and Man-Ki Yoon},
 journal = {ArXiv:1705.02561v1},
 title = {A Reconnaissance Attack Mechanism for Fixed-Priority Real-Time Systems},
 year = {2017}
}

@article{1705.00138v3,
 author = {Monowar Hasan and Sibin Mohan and Rodolfo Pellizzoni and Rakesh B. Bobba},
 journal = {ArXiv:1705.00138v3},
 title = {Contego: An Adaptive Framework for Integrating Security Tasks in
Real-Time Systems},
 year = {2017}
}

@article{1704.08876v1,
 author = {Muhammad Ali Awan and Konstantinos Bletsas and Pedro F. Souto and Benny Akesson and Eduardo Tovar},
 journal = {ArXiv:1704.08876v1},
 title = {Mixed-criticality Scheduling with Dynamic Redistribution of Shared Cache},
 year = {2017}
}

@article{1704.05600v2,
 author = {Le Guan and Peng Liu and Xinyu Xing and Xinyang Ge and Shengzhi Zhang and Meng Yu and Trent Jaeger},
 journal = {ArXiv:1704.05600v2},
 title = {TrustShadow: Secure Execution of Unmodified Applications with ARM
TrustZone},
 year = {2017}
}

@article{1704.01198v1,
 author = {Lei Liu},
 journal = {ArXiv:1704.01198v1},
 title = {Tackling Diversity and Heterogeneity by Vertical Memory Management},
 year = {2017}
}

@article{1703.08469v1,
 author = {Carlos Antonio Perea-Gómez},
 journal = {ArXiv:1703.08469v1},
 title = {Virtualization technology for distributed time sensitive domains},
 year = {2017}
}

@article{1703.07725v1,
 author = {Lei Liu and Mengyao Xie and Hao Yang},
 journal = {ArXiv:1703.07725v1},
 title = {Memos: Revisiting Hybrid Memory Management in Modern Operating System},
 year = {2017}
}

@article{1703.06571v1,
 author = {Reto Achermann and Lukas Humbel and David Cock and Timothy Roscoe},
 journal = {ArXiv:1703.06571v1},
 title = {Formalizing Memory Accesses and Interrupts},
 year = {2017}
}

@article{1703.02925v1,
 author = {Guilherme Avelino and Leonardo Passos and Andre Hora and Marco Tulio Valente},
 journal = {ArXiv:1703.02925v1},
 title = {Assessing Code Authorship: The Case of the Linux Kernel},
 year = {2017}
}

@article{1703.00897v1,
 author = {Rohan Garg and Kapil Arya and Jiajun Cao and Gene Cooperman and Jeff Evans and Ankit Garg and Neil A. Rosenberg and K. Suresh},
 journal = {ArXiv:1703.00897v1},
 title = {Adapting the DMTCP Plugin Model for Checkpointing of Hardware Emulation},
 year = {2017}
}

@article{1702.02588v1,
 author = {Assaf Eisenman and Asaf Cidon and Evgenya Pergament and Or Haimovich and Ryan Stutsman and Mohammad Alizadeh and Sachin Katti},
 journal = {ArXiv:1702.02588v1},
 title = {Flashield: a Key-value Cache that Minimizes Writes to Flash},
 year = {2017}
}

@article{1701.03709v1,
 author = {Christof Schlaak and Maher Fakih and Ralf Stemmer},
 journal = {ArXiv:1701.03709v1},
 title = {Power and Execution Time Measurement Methodology for SDF Applications on
FPGA-based MPSoCs},
 year = {2017}
}

@article{1612.06830v1,
 author = {Jessica Nettelblad and Carl Nettelblad},
 journal = {ArXiv:1612.06830v1},
 title = {CannyFS: Opportunistically Maximizing I/O Throughput Exploiting the
Transactional Nature of Batch-Mode Data Processing},
 year = {2016}
}

@article{1612.00445v2,
 author = {Javier Picorel and Djordje Jevdjic and Babak Falsafi},
 journal = {ArXiv:1612.00445v2},
 title = {Near-Memory Address Translation},
 year = {2016}
}

@article{1611.07862v2,
 author = {Bobby Powers and John Vilk and Emery D. Berger},
 journal = {ArXiv:1611.07862v2},
 title = {Browsix: Bridging the Gap Between Unix and the Browser},
 year = {2016}
}

@article{1610.08129v1,
 author = {Asaf Cidon and Daniel Rushton and Stephen M. Rumble and Ryan Stutsman},
 journal = {ArXiv:1610.08129v1},
 title = {Memshare: a Dynamic Multi-tenant Memory Key-value Cache},
 year = {2016}
}

@article{1610.03052v3,
 author = {Lihao Liang and Paul E. McKenney and Daniel Kroening and Tom Melham},
 journal = {ArXiv:1610.03052v3},
 title = {Verification of the Tree-Based Hierarchical Read-Copy Update in the
Linux Kernel},
 year = {2016}
}

@article{1609.08372v2,
 author = {Kevin Elphinstone and Amirreza Zarrabi and Adrian Danis and Yanyan Shen and Gernot Heiser},
 journal = {ArXiv:1609.08372v2},
 title = {An Evaluation of Coarse-Grained Locking for Multicore Microkernels},
 year = {2016}
}

@article{1609.08154v1,
 author = {Zhiyong Shan and Yu-fang Sun},
 journal = {ArXiv:1609.08154v1},
 title = {Implementing RBAC model in An Operating System Kernel},
 year = {2016}
}

@article{1609.04785v1,
 author = {Zhiyong Shan and Tzi-cker Chiueh and Xin Wang},
 journal = {ArXiv:1609.04785v1},
 title = {Virtualizing System and Ordinary Services in Windows-based OS-Level
Virtual Machines},
 year = {2016}
}

@article{1609.04781v1,
 author = {Zhiyong Shan and Yang Yu and Tzi-cker Chiueh},
 journal = {ArXiv:1609.04781v1},
 title = {Confining Windows Inter-Process Communications for OS-Level Virtual
Machine},
 year = {2016}
}

@article{1609.02067v1,
 author = {Gennady Pekhimenko},
 journal = {ArXiv:1609.02067v1},
 title = {Practical Data Compression for Modern Memory Hierarchies},
 year = {2016}
}

@article{1609.00875v1,
 author = {Zhiyong Shan},
 journal = {ArXiv:1609.00875v1},
 title = {Compatible and Usable Mandatory Access Control for Good-enough OS
Security},
 year = {2016}
}

@article{1609.00100v2,
 author = {Zhiyong Shan},
 journal = {ArXiv:1609.00100v2},
 title = {Suspicious-Taint-Based Access Control for Protecting OS from Network
Attacks},
 year = {2016}
}

@article{1608.05654v1,
 author = {Min Hong Yun and Songtao He and Lin Zhong},
 journal = {ArXiv:1608.05654v1},
 title = {POLYPATH: Supporting Multiple Tradeoffs for Interaction Latency},
 year = {2016}
}

@article{1608.04303v1,
 author = {Răzvan Deaconescu and Luke Deshotels and Mihai Bucicoiu and William Enck and Lucas Davi and Ahmad-Reza Sadeghi},
 journal = {ArXiv:1608.04303v1},
 title = {SandBlaster: Reversing the Apple Sandbox},
 year = {2016}
}

@article{1608.08051v3,
 author = {Zhiyong Shan and Xin Wang and Tzi-cker Chiueh and Rajiv Bagai},
 journal = {ArXiv:1608.08051v3},
 title = {Duplication of Windows Services},
 year = {2016}
}

@article{1608.00571v1,
 author = {Blake A. Hechtman and Andrew D. Hilton and Daniel J. Sorin},
 journal = {ArXiv:1608.00571v1},
 title = {TREES: A CPU/GPU Task-Parallel Runtime with Explicit Epoch
Synchronization},
 year = {2016}
}

@article{1607.07995v2,
 author = {Jiajun Cao and Kapil Arya and Rohan Garg and Shawn Matott and Dhabaleswar K. Panda and Hari Subramoni and Jérôme Vienne and Gene Cooperman},
 journal = {ArXiv:1607.07995v2},
 title = {System-level Scalable Checkpoint-Restart for Petascale Computing},
 year = {2016}
}

@article{1607.07763v1,
 author = {Mason Thammawichai and Eric C. Kerrigan},
 journal = {ArXiv:1607.07763v1},
 title = {Energy-Efficient Real-Time Scheduling for Two-Type Heterogeneous
Multiprocessors},
 year = {2016}
}

@article{1606.05794v1,
 author = {Mike Jones and Bill Arcand and Bill Bergeron and David Bestor and Chansup Byun and Lauren Milechin and Vijay Gadepally and Matt Hubbell and Jeremy Kepner and Pete Michaleas and Julie Mullen and Andy Prout and Tony Rosa and Siddharth Samsi and Charles Yee and Albert Reuther},
 journal = {ArXiv:1606.05794v1},
 title = {Scalability of VM Provisioning Systems},
 year = {2016}
}

@article{1606.04386v1,
 author = {Jian-Jia Chen and Björn B. Brandenburg},
 journal = {ArXiv:1606.04386v1},
 title = {A Note on the Period Enforcer Algorithm for Self-Suspending Tasks},
 year = {2016}
}

@article{1606.02635v1,
 author = {Mason Thammawichai and Eric C. Kerrigan},
 journal = {ArXiv:1606.02635v1},
 title = {Feedback Scheduling for Energy-Efficient Real-Time Homogeneous
Multiprocessor Systems},
 year = {2016}
}

@article{1606.00111v2,
 author = {Anna Lyons and Gernot Heiser},
 journal = {ArXiv:1606.00111v2},
 title = {It's Time: OS Mechanisms for Enforcing Asymmetric Temporal Integrity},
 year = {2016}
}

@article{1605.05810v1,
 author = {SungWon Chung},
 journal = {ArXiv:1605.05810v1},
 title = {The Design of the NetBSD I/O Subsystems},
 year = {2016}
}

@article{1605.01168v1,
 author = {Junaid Shuja and Abdullah Gani and Sajjad A. Madani},
 journal = {ArXiv:1605.01168v1},
 title = {A Qualitative Comparison of MPSoC Mobile and Embedded Virtualization
Techniques},
 year = {2016}
}

@article{1605.00362v1,
 author = {Amar Ranjan Dash and Sandipta kumar Sahu and Sanjay Kumar Samantra},
 journal = {ArXiv:1605.00362v1},
 title = {An optimized round robin cpu scheduling algorithm with dynamic time
quantum},
 year = {2016}
}

@article{1604.07371v1,
 author = {Robert Grandl and Srikanth Kandula and Sriram Rao and Aditya Akella and Janardhan Kulkarni},
 journal = {ArXiv:1604.07371v1},
 title = {Do the Hard Stuff First: Scheduling Dependent Computations in
Data-Analytics Clusters},
 year = {2016}
}

@article{1604.02171v1,
 author = {Giuseppe Petracca and Ahmad Atamli and Yuqiong Sun and Jens Grossklags and Trent Jaeger},
 journal = {ArXiv:1604.02171v1},
 title = {Aware: Controlling App Access to I/O Devices on Mobile Platforms},
 year = {2016}
}

@article{1604.01378v5,
 author = {Gang Lu and Jianfeng Zhan and Chongkang Tan and Xinlong Lin and Defei Kong and Chen Zheng and Fei Tang and Cheng Huang and Lei Wang and Tianshu Hao},
 journal = {ArXiv:1604.01378v5},
 title = {Isolate First, Then Share: a New OS Architecture for Datacenter
Computing},
 year = {2016}
}

@article{1604.00320v1,
 author = {Giuseppe Petracca and Yuqiong Sun and Ahmad Atamli and Trent Jaeger},
 journal = {ArXiv:1604.00320v1},
 title = {AuDroid: Preventing Attacks on Audio Channels in Mobile Devices},
 year = {2016}
}

@article{1603.05636v1,
 author = {Harshal Sheth and Aashish Welling},
 journal = {ArXiv:1603.05636v1},
 title = {An Implementation and Analysis of a Kernel Network Stack in Go with the
CSP Style},
 year = {2016}
}

@article{1603.03635v1,
 author = {Emmanuel Baccelli and Kaspar Schleiser},
 journal = {ArXiv:1603.03635v1},
 title = {Powering the Internet of Things with RIOT: Why? How? What is RIOT?},
 year = {2016}
}

@article{1601.05851v1,
 author = {Roberto di Pietro and Federico Franzoni and Flavio Lombardi},
 journal = {ArXiv:1601.05851v1},
 title = {HyBIS: Windows Guest Protection through Advanced Memory Introspection},
 year = {2016}
}

@article{1601.03027v1,
 author = {Michael Roland and Michael Hölzl},
 journal = {ArXiv:1601.03027v1},
 title = {Open Mobile API: Accessing the UICC on Android Devices},
 year = {2016}
}

@article{1512.07654v3,
 author = {Eric Missimer and Katherine Zhao and Richard West},
 journal = {ArXiv:1512.07654v3},
 title = {Mixed-Criticality Scheduling with I/O},
 year = {2015}
}

@article{1512.07351v1,
 author = {Yao Guo and Junyang Lu},
 journal = {ArXiv:1512.07351v1},
 title = {Energy-aware Fixed-Priority Multi-core Scheduling for Real-time Systems},
 year = {2015}
}

@article{1512.06908v1,
 author = {Yan Cui},
 journal = {ArXiv:1512.06908v1},
 title = {Research on Scalability of Operating Systems on Multicore Processors},
 year = {2015}
}

@article{1512.01984v2,
 author = {Luca Abeni and Giuseppe Lipari and Andrea Parri and Youcheng Sun},
 journal = {ArXiv:1512.01984v2},
 title = {Parallel and sequential reclaiming in multicore real-time global
scheduling},
 year = {2015}
}

@article{1512.01978v1,
 author = {Giuseppe Lipari and Luigi Palopoli},
 journal = {ArXiv:1512.01978v1},
 title = {Real-Time scheduling: from hard to soft real-time systems},
 year = {2015}
}

@article{1512.00727v2,
 author = {Gil Einziger and Roy Friedman and Ben Manes},
 journal = {ArXiv:1512.00727v2},
 title = {TinyLFU: A Highly Efficient Cache Admission Policy},
 year = {2015}
}

@article{1511.04170v1,
 author = {June Andronick and Corey Lewis and Carroll Morgan},
 journal = {ArXiv:1511.04170v1},
 title = {Controlled Owicki-Gries Concurrency: Reasoning about the Preemptible
eChronos Embedded Operating System},
 year = {2015}
}

@article{1511.04169v1,
 author = {Sidney Amani and Toby Murray},
 journal = {ArXiv:1511.04169v1},
 title = {Specifying a Realistic File System},
 year = {2015}
}

@article{1511.02528v1,
 author = {Rob van Glabbeek and Jan Friso Groote and Peter Höfner},
 journal = {ArXiv:1511.02528v1},
 title = {Proceedings Workshop on Models for Formal Analysis of Real Systems},
 year = {2015}
}

@article{1511.02498v1,
 author = {Amar Ranjan Dash and Sandipta Kumar Sahu and Sanjay Kumar Samantra and Sradhanjali Sabat},
 journal = {ArXiv:1511.02498v1},
 title = {Characteristic specific prioritized dynamic average burst round robin
scheduling for uniprocessor and multiprocessor environment},
 year = {2015}
}

@article{1510.05567v2,
 author = {Mason Thammawichai and Eric C. Kerrigan},
 journal = {ArXiv:1510.05567v2},
 title = {Energy-Efficient Scheduling for Homogeneous Multiprocessor Systems},
 year = {2015}
}

@article{1510.02552v1,
 author = {Haryono Haryono},
 journal = {ArXiv:1510.02552v1},
 title = {Multitasking Programming of OBDH Satellite Based On PC-104},
 year = {2015}
}

@article{1509.07694v1,
 author = {Victor Yodaiken},
 journal = {ArXiv:1509.07694v1},
 title = {Folding a Tree into a Map},
 year = {2015}
}

@article{1508.07127v1,
 author = {Chun-Hsian Huang and Kwuan-Wei Tseng and Chih-Cheng Lin and Fang-Yu Lin and Pao-Ann Hsiung},
 journal = {ArXiv:1508.07127v1},
 title = {Virtualization Architecture for NoC-based Reconfigurable Systems},
 year = {2015}
}

@article{1508.06367v2,
 author = {Piyus Kedia and Sorav Bansal},
 journal = {ArXiv:1508.06367v2},
 title = {A Software-only Mechanism for Device Passthrough and Sharing},
 year = {2015}
}

@article{1508.06356v2,
 author = {Yan Cui and Quan Chen and Junfeng Yang},
 journal = {ArXiv:1508.06356v2},
 title = {EOS: Automatic In-vivo Evolution of Kernel Policies for Better
Performance},
 year = {2015}
}

@article{1508.05228v1,
 author = {Wolfgang Schmidt and Michael Hanspach and Jörg Keller},
 journal = {ArXiv:1508.05228v1},
 title = {A Case Study on Covert Channel Establishment via Software Caches in
High-Assurance Computing Systems},
 year = {2015}
}

@article{1508.04753v1,
 author = {Kim T. Briggs and Baoguo Zhou and Gerhard W. Dueck},
 journal = {ArXiv:1508.04753v1},
 title = {Cold Object Identification in the Java Virtual Machine},
 year = {2015}
}

@article{1506.07566v1,
 author = {Da Zheng and Randal Burns and Alexander S. Szalay},
 journal = {ArXiv:1506.07566v1},
 title = {Optimize Unsynchronized Garbage Collection in an SSD Array},
 year = {2015}
}

@article{1506.02822v2,
 author = {Ludovic Courtès and Ricardo Wurmus},
 journal = {ArXiv:1506.02822v2},
 title = {Reproducible and User-Controlled Software Environments in HPC with Guix},
 year = {2015}
}

@article{1506.01449v4,
 author = {Sebastian Angel and Riad S. Wahby and Max Howald and Joshua B. Leners and Michael Spilo and Zhen Sun and Andrew J. Blumberg and Michael Walfish},
 journal = {ArXiv:1506.01449v4},
 title = {Defending against malicious peripherals with Cinch},
 year = {2015}
}

@article{1505.05269v1,
 author = {Alok Ranjan and H. B. Sahu and Prasant Misra},
 journal = {ArXiv:1505.05269v1},
 title = {A Survey Report on Operating Systems for Tiny Networked Sensors},
 year = {2015}
}

@article{1505.02155v3,
 author = {Jian-Jia Chen and Wen-Hung Huang and Cong Liu},
 journal = {ArXiv:1505.02155v3},
 title = {Evaluate and Compare Two Utilization-Based Schedulability-Test
Frameworks for Real-Time Systems},
 year = {2015}
}

@article{1505.01765v1,
 author = {Teng Wang and Sarp Oral and Michael Pritchard and Kevin Vasko and Weikuan Yu},
 journal = {ArXiv:1505.01765v1},
 title = {Development of a Burst Buffer System for Data-Intensive Applications},
 year = {2015}
}

@article{1505.01448v1,
 author = {Thomas Leibovici},
 journal = {ArXiv:1505.01448v1},
 title = {Taking back control of HPC file systems with Robinhood Policy Engine},
 year = {2015}
}

@article{1504.07481v1,
 author = {Blake Caldwell},
 journal = {ArXiv:1504.07481v1},
 title = {Improving Block-level Efficiency with scsi-mq},
 year = {2015}
}

@article{1504.07070v2,
 author = {Weiyi Wu and Bryan Ford},
 journal = {ArXiv:1504.07070v2},
 title = {Deterministically Deterring Timing Attacks in Deterland},
 year = {2015}
}

@article{1504.06836v1,
 author = {Michael J. Brim and Joshua K. Lothian},
 journal = {ArXiv:1504.06836v1},
 title = {Monitoring Extreme-scale Lustre Toolkit},
 year = {2015}
}

@article{1504.06833v1,
 author = {Joel Reed and Jeremy Archuleta and Michael J. Brim and Joshua Lothian},
 journal = {ArXiv:1504.06833v1},
 title = {Evaluating Dynamic File Striping For Lustre},
 year = {2015}
}

@article{1504.04640v2,
 author = {Dave Dice and Tim Harris and Alex Kogan and Yossi Lev},
 journal = {ArXiv:1504.04640v2},
 title = {The Influence of Malloc Placement on TSX Hardware Transactional Memory},
 year = {2015}
}

@article{1504.03875v1,
 author = {Kévin Roussel and Ye-Qiong Song and Olivier Zendra},
 journal = {ArXiv:1504.03875v1},
 title = {RIOT OS Paves the Way for Implementation of High-Performance MAC
Protocols},
 year = {2015}
}

@article{1504.02517v2,
 author = {Tuhin Borgohain and Uday Kumar and Sugata Sanyal},
 journal = {ArXiv:1504.02517v2},
 title = {Survey of Operating Systems for the IoT Environment},
 year = {2015}
}

@article{1504.01666v1,
 author = {Niv Dayan and Philippe Bonnet},
 journal = {ArXiv:1504.01666v1},
 title = {Garbage Collection Techniques for Flash-Resident Page-Mapping FTLs},
 year = {2015}
}

@article{1502.02287v1,
 author = {Heechul Yun and Santosh Gondi and Siddhartha Biswas},
 journal = {ArXiv:1502.02287v1},
 title = {Protecting Memory-Performance Critical Sections in Soft Real-Time
Applications},
 year = {2015}
}

@article{1502.01509v1,
 author = {Camille Coti and Nicolas Greneche},
 journal = {ArXiv:1502.01509v1},
 title = {OS-level Failure Injection with SystemTap},
 year = {2015}
}

@article{1501.07084v3,
 author = {Jian-Jia Chen and Wen-Hung Huang and Cong Liu},
 journal = {ArXiv:1501.07084v3},
 title = {k2U: A General Framework from k-Point Effective Schedulability Analysis
to Utilization-Based Tests},
 year = {2015}
}

@article{1501.01370v1,
 author = {Mahendra Vucha and Arvind Rajawat},
 journal = {ArXiv:1501.01370v1},
 title = {A Case Study: Task Scheduling Methodologies for High Speed Computing
Systems},
 year = {2015}
}

@article{1411.3777v1,
 author = {Ardalan Amiri Sani and Lin Zhong and Dan S. Wallach},
 journal = {ArXiv:1411.3777v1},
 title = {Glider: A GPU Library Driver for Improved System Security},
 year = {2014}
}

@article{1410.7754v1,
 author = {Daniel Defreez and Bhargava Shastry and Hao Chen and Jean-Pierre Seifert},
 journal = {ArXiv:1410.7754v1},
 title = {A First Look at Firefox OS Security},
 year = {2014}
}

@article{1410.7747v1,
 author = {Xinyang Ge and Hayawardh Vijayakumar and Trent Jaeger},
 journal = {ArXiv:1410.7747v1},
 title = {Sprobes: Enforcing Kernel Code Integrity on the TrustZone Architecture},
 year = {2014}
}

@article{1410.3463v1,
 author = {Lavanya Sita Tekumalla and Chiranjib Bhattacharyya},
 journal = {ArXiv:1410.3463v1},
 title = {Mining Block I/O Traces for Cache Preloading with Sparse Temporal
Non-parametric Mixture of Multivariate Poisson},
 year = {2014}
}

@article{1410.3226v1,
 author = {Joaquin Garcia-Alfaro and Gürkan Gür},
 journal = {ArXiv:1410.3226v1},
 title = {Proceedings 2014 International Workshop on Advanced Intrusion Detection
and Prevention},
 year = {2014}
}

@article{1409.5567v1,
 author = {Yanchao Lu and Donghong Wu and Bingsheng He and Xueyan Tang and Jianliang Xu and Minyi Guo},
 journal = {ArXiv:1409.5567v1},
 title = {Rank-Aware Dynamic Migrations and Adaptive Demotions for DRAM Power
Management},
 year = {2014}
}

@article{1408.4715v1,
 author = {Hugo A. Andrade and Simon Hogg and Stephan Ahrends},
 journal = {ArXiv:1408.4715v1},
 title = {Making FPGAs Accessible to Scientists and Engineers as Domain Expert
Software Programmers with LabVIEW},
 year = {2014}
}

@article{1408.0990v1,
 author = {M. V. Panduranga Rao and K. C. Shet},
 journal = {ArXiv:1408.0990v1},
 title = {Assessment of Response Time for New Multi Level Feedback Queue Scheduler},
 year = {2014}
}

@article{1407.4346v1,
 author = {Nicolas Palix and Gaël Thomas and Suman Saha and Christophe Calvès and Gilles Muller and Julia L. Lawall},
 journal = {ArXiv:1407.4346v1},
 title = {Faults in Linux 2.6},
 year = {2014}
}

@article{1407.4245v1,
 author = {Elena Reshetova and Janne Karhunen and Thomas Nyman and N. Asokan},
 journal = {ArXiv:1407.4245v1},
 title = {Security of OS-level virtualization technologies: Technical report},
 year = {2014}
}

@article{1407.0122v1,
 author = {Kazi Sakib and M. S. Hasan and M. A. Hossain},
 journal = {ArXiv:1407.0122v1},
 title = {Effects of Hard Real-Time Constraints in Implementing the Myopic
Scheduling Algorithm},
 year = {2014}
}

@article{1406.6037v1,
 author = {Sreepathi Pai and R. Govindarajan and Matthew J. Thazhuthaveetil},
 journal = {ArXiv:1406.6037v1},
 title = {Preemptive Thread Block Scheduling with Online Structural Runtime
Prediction for Concurrent GPGPU Kernels},
 year = {2014}
}

@article{1406.5569v1,
 author = {Ashkan Rahimian and Raha Ziarati and Stere Preda and Mourad Debbabi},
 journal = {ArXiv:1406.5569v1},
 title = {On the Reverse Engineering of the Citadel Botnet},
 year = {2014}
}

@article{1406.1133v1,
 author = {José Marinho and Stefan M. Petters},
 journal = {ArXiv:1406.1133v1},
 title = {Timing Analysis for DAG-based and GFP Scheduled Tasks},
 year = {2014}
}

@article{1405.7322v1,
 author = {Guangmo Tong and Cong Liu},
 journal = {ArXiv:1405.7322v1},
 title = {Supporting Soft Real-Time Sporadic Task Systems on Heterogeneous
Multiprocessors with No Utilization Loss},
 year = {2014}
}

@article{1405.5651v1,
 author = {Francesco Gadaleta and Nick Nikiforakis and Yves Younan and Wouter Joosen},
 journal = {ArXiv:1405.5651v1},
 title = {Hello rootKitty: A lightweight invariance-enforcing framework},
 year = {2014}
}

@article{1405.2913v1,
 author = {Björn Döbel and Robert Muschner and Hermann Härtig},
 journal = {ArXiv:1405.2913v1},
 title = {Resource-Aware Replication on Heterogeneous Multicores: Challenges and
Opportunities},
 year = {2014}
}

@article{1405.2912v1,
 author = {Mario Kicherer and Wolfgang Karl},
 journal = {ArXiv:1405.2912v1},
 title = {Heterogeneity-aware Fault Tolerance using a Self-Organizing Runtime
System},
 year = {2014}
}

@article{1405.2281v1,
 author = {Frank Hannig and Jürgen Teich},
 journal = {ArXiv:1405.2281v1},
 title = {Proceedings of the First Workshop on Resource Awareness and Adaptivity
in Multi-Core Computing (Racing 2014)},
 year = {2014}
}

@article{1404.6087v1,
 author = {Sourav Kumar Bhoi and Sanjaya Kumar Panda and Debashee Tarai},
 journal = {ArXiv:1404.6087v1},
 title = {Enhancing CPU Performance using Subcontrary Mean Dynamic Round Robin
(SMDRR) Scheduling Algorithm},
 year = {2014}
}

@article{1404.5869v1,
 author = {Sanjaya Kumar Panda and Sourav Kumar Bhoi},
 journal = {ArXiv:1404.5869v1},
 title = {An Effective Round Robin Algorithm using Min-Max Dispersion Measure},
 year = {2014}
}

@article{1404.1637v1,
 author = {Yauhen Klimiankou},
 journal = {ArXiv:1404.1637v1},
 title = {An Enhanced Multi-Pager Environment Support for Second Generation
Microkernels},
 year = {2014}
}

@article{1404.0088v1,
 author = {Youcheng Sun and Giuseppe Lipari and Étienne André and Laurent Fribourg},
 journal = {ArXiv:1404.0088v1},
 title = {Toward Parametric Timed Interfaces for Real-Time Components},
 year = {2014}
}

@article{1403.5976v1,
 author = {Brijender Kahanwal},
 journal = {ArXiv:1403.5976v1},
 title = {File System Design Approaches},
 year = {2014}
}

@article{1403.5010v1,
 author = {Kexing Xing and Decheng Zuo and Haiying Zhou and Hou Kun-Mean},
 journal = {ArXiv:1403.5010v1},
 title = {Task & Resource Self-adaptive Embedded Real-time Operating System
Microkernel for Wireless Sensor Nodes},
 year = {2014}
}

@article{1403.1165v1,
 author = {Michael Hanspach and Jörg Keller},
 journal = {ArXiv:1403.1165v1},
 title = {A Taxonomy for Attack Patterns on Information Flows in Component-Based
Operating Systems},
 year = {2014}
}

@article{1403.0335v1,
 author = {Sanjaya Kumar Panda and Debasis Dash and Jitendra Kumar Rout},
 journal = {ArXiv:1403.0335v1},
 title = {A Group based Time Quantum Round Robin Algorithm using Min-Max Spread
Measure},
 year = {2014}
}

@article{1403.0334v1,
 author = {Sourav Kumar Bhoi and Sanjaya Kumar Panda and Imran Hossain Faruk},
 journal = {ArXiv:1403.0334v1},
 title = {Design and Performance Evaluation of an Optimized Disk Scheduling
Algorithm (ODSA)},
 year = {2014}
}

@article{1402.4929v1,
 author = {Asen Petkov Iliev},
 journal = {ArXiv:1402.4929v1},
 title = {Formal Description of Components in Operating Systems},
 year = {2014}
}

@article{1402.0631v1,
 author = {S. R. Bhalgama and C. C. Kavar and S. S. Parmar},
 journal = {ArXiv:1402.0631v1},
 title = {LWRP: Low Power Consumption Weighting Replacement Policy using Buffer
Memory},
 year = {2014}
}

@article{1401.6726v1,
 author = {Earlence Fernandes and Alexander Crowell and Ajit Aluri and Atul Prakash},
 journal = {ArXiv:1401.6726v1},
 title = {Anception: Application Virtualization For Android},
 year = {2014}
}

@article{1401.6100v1,
 author = {K. Eric Harper and Thijmen de Gooijer},
 journal = {ArXiv:1401.6100v1},
 title = {Performance Impact of Lock-Free Algorithms on Multicore Communication
APIs},
 year = {2014}
}

@article{1312.6650v2,
 author = {Samaneh Kazemi Nafchi and Rohan Garg and Gene Cooperman},
 journal = {ArXiv:1312.6650v2},
 title = {Transparent Checkpoint-Restart for Hardware-Accelerated 3D Graphics},
 year = {2013}
}

@article{1312.5892v1,
 author = {Florian Schmidt and David Orlea and Klaus Wehrle},
 journal = {ArXiv:1312.5892v1},
 title = {Support for Error Tolerance in the Real-Time Transport Protocol},
 year = {2013}
}

@article{1312.4931v1,
 author = {Ardalan Amiri Sani and Kevin Boos and Min Hong Yun and Lin Zhong},
 journal = {ArXiv:1312.4931v1},
 title = {Rio: A System Solution for Sharing I/O between Mobile Systems},
 year = {2013}
}

@article{1312.4509v1,
 author = {Lilia Zaourar and Mathieu Jan and Maurice Pitel},
 journal = {ArXiv:1312.4509v1},
 title = {Cache-aware static scheduling for hard real-time multicore systems based
on communication affinities},
 year = {2013}
}

@article{1312.3938v3,
 author = {Jiajun Cao and Gregory Kerr and Kapil Arya and Gene Cooperman},
 journal = {ArXiv:1312.3938v3},
 title = {Transparent Checkpoint-Restart over InfiniBand},
 year = {2013}
}

@article{1312.3665v2,
 author = {David Isaac Wolinsky and Bryan Ford},
 journal = {ArXiv:1312.3665v2},
 title = {Managing NymBoxes for Identity and Tracking Protection},
 year = {2013}
}

@article{1312.1822v1,
 author = {Brijender Kahanwal and Tejinder Pal Singh},
 journal = {ArXiv:1312.1822v1},
 title = {Towards the Framework of the File Systems Performance Evaluation
Techniques and the Taxonomy of Replay Traces},
 year = {2013}
}

@article{1312.1810v1,
 author = {Brijender Kahanwal and Tejinder Pal Singh and Ruchira Bhargava and Girish Pal Singh},
 journal = {ArXiv:1312.1810v1},
 title = {File System - A Component of Operating System},
 year = {2013}
}

@article{1311.3322v1,
 author = {Thanh Do and Haryadi S. Gunawi},
 journal = {ArXiv:1311.3322v1},
 title = {Impact of Limpware on HDFS: A Probabilistic Estimation},
 year = {2013}
}

@article{1311.3686v1,
 author = {Brijender Kahanwal and Dr. Tejinder Pal Singh and Dr. R. K. Tuteja},
 journal = {ArXiv:1311.3686v1},
 title = {Performance Evaluation of Java File Security System (JFSS)},
 year = {2013}
}

@article{1311.2362v1,
 author = {Hendra Gunadi and Alwen Tiu},
 journal = {ArXiv:1311.2362v1},
 title = {Efficient Runtime Monitoring with Metric Temporal Logic: A Case Study in
the Android Operating System},
 year = {2013}
}

@article{1310.6349v1,
 author = {Richard West and Ye Li and Eric Missimer},
 journal = {ArXiv:1310.6349v1},
 title = {Quest-V: A Virtualized Multikernel for Safety-Critical Real-Time Systems},
 year = {2013}
}

@article{1310.6301v1,
 author = {Ye Li and Eric Missimer and Richard West},
 journal = {ArXiv:1310.6301v1},
 title = {Predictable Migration and Communication in the Quest-V Multikernel},
 year = {2013}
}

@article{1310.6298v1,
 author = {Ye Li and Richard West and Eric Missimer},
 journal = {ArXiv:1310.6298v1},
 title = {The Quest-V Separation Kernel for Mixed Criticality Systems},
 year = {2013}
}

@article{1310.1588v1,
 author = {Sasa Paporovic},
 journal = {ArXiv:1310.1588v1},
 title = {Impacting the bioscience progress by backporting software for Bio-Linux},
 year = {2013}
}

@article{1310.2148v1,
 author = {Gary A. McGilvary and Josep Rius and Íñigo Goiri and Francesc Solsona and Adam Barker and Malcolm Atkinson},
 journal = {ArXiv:1310.2148v1},
 title = {C2MS: Dynamic Monitoring and Management of Cloud Infrastructures},
 year = {2013}
}

@article{1310.0901v1,
 author = {Thomas M. Baumann and Jose Gracia},
 journal = {ArXiv:1310.0901v1},
 title = {Cudagrind: A Valgrind Extension for CUDA},
 year = {2013}
}

@article{1309.3096v1,
 author = {Neetu Goel and R. B. Garg},
 journal = {ArXiv:1309.3096v1},
 title = {Simulation of an Optimum Multilevel Dynamic Round Robin Scheduling
Algorithm},
 year = {2013}
}

@article{1309.1714v1,
 author = {Pierre Olivier and Jalil Boukhobza and Eric Senn},
 journal = {ArXiv:1309.1714v1},
 title = {Flashmon V2: Monitoring Raw NAND Flash Memory I/O Requests on Embedded
Linux},
 year = {2013}
}

@article{1308.2881v1,
 author = {Holger Machens and Volker Turau},
 journal = {ArXiv:1308.2881v1},
 title = {Opacity of Memory Management in Software Transactional Memory},
 year = {2013}
}

@article{1308.1199v1,
 author = {Abhijat Vichare},
 journal = {ArXiv:1308.1199v1},
 title = {Intensional view of General Single Processor Operating Systems},
 year = {2013}
}

@article{1308.0698v1,
 author = {Meisam Booshehri and Abbas Malekpour and Peter Luksch},
 journal = {ArXiv:1308.0698v1},
 title = {An Improving Method for Loop Unrolling},
 year = {2013}
}

@article{1307.4167v1,
 author = {Neetu Goel and R. B. Garg},
 journal = {ArXiv:1307.4167v1},
 title = {An Optimum Multilevel Dynamic Round Robin Scheduling Algorithm},
 year = {2013}
}

@article{1307.4165v1,
 author = {Neetu Goel and R. B. Garg},
 journal = {ArXiv:1307.4165v1},
 title = {A Comparative Study of CPU Scheduling Algorithms},
 year = {2013}
}

@article{1306.1316v1,
 author = {Joël Goossens and Pascal Richard},
 journal = {ArXiv:1306.1316v1},
 title = {Partitioned scheduling of multimode multiprocessor real-time systems
with temporal isolation},
 year = {2013}
}

@article{1306.0846v1,
 author = {Gary A. McGilvary and Adam Barker and Ashley Lloyd and Malcolm Atkinson},
 journal = {ArXiv:1306.0846v1},
 title = {V-BOINC: The Virtualization of BOINC},
 year = {2013}
}

@article{1305.3849v1,
 author = {Emmanuel Grolleau and Joël Goossens and Liliana Cucu-Grosjean},
 journal = {ArXiv:1305.3849v1},
 title = {On the periodic behavior of real-time schedulers on identical
multiprocessor platforms},
 year = {2013}
}

@article{1305.3345v1,
 author = {Weibin Sun and Robert Ricci},
 journal = {ArXiv:1305.3345v1},
 title = {Augmenting Operating Systems With the GPU},
 year = {2013}
}

@article{1305.2553v1,
 author = {Jun Wang and Xi Xiong and Peng Liu},
 journal = {ArXiv:1305.2553v1},
 title = {Practical Fine-grained Privilege Separation in Multithreaded
Applications},
 year = {2013}
}

@article{1305.1459v1,
 author = {Pier Stanislao Paolucci and Iuliana Bacivarov and Gert Goossens and Rainer Leupers and Frédéric Rousseau and Christoph Schumacher and Lothar Thiele and Piero Vicini},
 journal = {ArXiv:1305.1459v1},
 title = {EURETILE 2010-2012 summary: first three years of activity of the
European Reference Tiled Experiment},
 year = {2013}
}

@article{1304.7001v1,
 author = {Deepika Bhatia and Urmila Shrawankar},
 journal = {ArXiv:1304.7001v1},
 title = {Network Control Systems RTAI framework A Review},
 year = {2013}
}

@article{1304.6067v1,
 author = {Jürgen Teich and Wolfgang Schröder-Preikschat and Andreas Herkersdorf},
 journal = {ArXiv:1304.6067v1},
 title = {Invasive Computing - Common Terms and Granularity of Invasion},
 year = {2013}
}

@article{1304.6007v1,
 author = {Enoch Peserico},
 journal = {ArXiv:1304.6007v1},
 title = {Paging with dynamic memory capacity},
 year = {2013}
}

@article{1304.3771v1,
 author = {Ardalan Amiri Sani and Sreekumar Nair and Lin Zhong and Quinn Jacobson},
 journal = {ArXiv:1304.3771v1},
 title = {Making I/O Virtualization Easy with Device Files},
 year = {2013}
}

@article{1304.3557v1,
 author = {Radhwan Y Ameen and Asmaa Y. Hamo},
 journal = {ArXiv:1304.3557v1},
 title = {Survey of Server Virtualization},
 year = {2013}
}

@article{1302.5521v1,
 author = {Mikael Moghadam and David Johan Christensen and David Brandt and Ulrik Pagh Schultz},
 journal = {ArXiv:1302.5521v1},
 title = {Towards Python-based Domain-specific Languages for Self-reconfigurable
Modular Robotics Research},
 year = {2013}
}

@article{1302.5502v1,
 author = { Srimugunthan and K. Gopinath and Giridhar Appaji Nag Yasa},
 journal = {ArXiv:1302.5502v1},
 title = {LFTL: A multi-threaded FTL for a Parallel IO Flash Card under Linux},
 year = {2013}
}

@article{1302.5109v1,
 author = {Marco Sironi and Francesco Tisato},
 journal = {ArXiv:1302.5109v1},
 title = {Capturing Information Flows inside Android and Qemu Environments},
 year = {2013}
}

@article{1302.1747v1,
 author = {Nathan Fisher and Joël Goossens and Pradeep M. Hettiarachchi and Antonio Paolillo},
 journal = {ArXiv:1302.1747v1},
 title = {Energy Minimization for Parallel Real-Time Systems with Malleable Jobs
and Homogeneous Frequencies},
 year = {2013}
}

@article{1302.1306v1,
 author = {Youcheng Sun and Romain Soulat and Giuseppe Lipari and Étienne André and Laurent Fribourg},
 journal = {ArXiv:1302.1306v1},
 title = {Parametric Schedulability Analysis of Fixed Priority Real-Time
Distributed Systems},
 year = {2013}
}

@article{1302.0621v3,
 author = {Chun-Ho Ng and Patrick P. C. Lee},
 journal = {ArXiv:1302.0621v3},
 title = {RevDedup: A Reverse Deduplication Storage System Optimized for Reads to
Latest Backups},
 year = {2013}
}

@article{1301.4800v1,
 author = {Omar Kermia},
 journal = {ArXiv:1301.4800v1},
 title = {Schedulability Analysis of Distributed Real-Time Applications under
Dependence and Several Latency Constraints},
 year = {2013}
}

@article{1301.2649v1,
 author = {Amirreza Zarrabi},
 journal = {ArXiv:1301.2649v1},
 title = {Dynamic Transparent General Purpose Process Migration For Linux},
 year = {2013}
}

@article{1212.6354v1,
 author = {Sajjad Haider and Mehboob Yasin and Naveed Hussain and Muhammad Imran},
 journal = {ArXiv:1212.6354v1},
 title = {LNOS - Live Network Operating System},
 year = {2012}
}

@article{1212.3502v1,
 author = {Shri Prakash Dwivedi},
 journal = {ArXiv:1212.3502v1},
 title = {Adaptive Scheduling in Real-Time Systems Through Period Adjustment},
 year = {2012}
}

@article{1212.2778v1,
 author = {Vincenzo Bonifaci and Alberto Marchetti-Spaccamela and Sebastian Stiller and Andreas Wiese},
 journal = {ArXiv:1212.2778v1},
 title = {Feasibility Tests for Recurrent Real-Time Tasks in the Sporadic DAG
Model},
 year = {2012}
}

@article{1212.1787v1,
 author = {Rohan Garg and Komal Sodha and Gene Cooperman},
 journal = {ArXiv:1212.1787v1},
 title = {A Generic Checkpoint-Restart Mechanism for Virtual Machines},
 year = {2012}
}

@article{1211.6196v1,
 author = {Christel Baier and Marcus Daum and Benjamin Engel and Hermann Härtig and Joachim Klein and Sascha Klüppelholz and Steffen Märcker and Hendrik Tews and Marcus Völp},
 journal = {ArXiv:1211.6196v1},
 title = {Chiefly Symmetric: Results on the Scalability of Probabilistic Model
Checking for Operating-System Code},
 year = {2012}
}

@article{1211.6190v1,
 author = {Hendrik Tews and Marcus Völp and Tjark Weber},
 journal = {ArXiv:1211.6190v1},
 title = {On the Use of Underspecified Data-Type Semantics for Type Safety in
Low-Level Code},
 year = {2012}
}

@article{1211.6187v1,
 author = {Gidon Ernst and Gerhard Schellhorn and Dominik Haneberg and Jörg Pfähler and Wolfgang Reif},
 journal = {ArXiv:1211.6187v1},
 title = {A Formal Model of a Virtual Filesystem Switch},
 year = {2012}
}

@article{1211.6185v1,
 author = {Sidney Amani and Peter Chubb and Alastair F. Donaldson and Alexander Legg and Leonid Ryzhyk and Yanjin Zhu},
 journal = {ArXiv:1211.6185v1},
 title = {Automatic Verification of Message-Based Device Drivers},
 year = {2012}
}

@article{1211.4840v1,
 author = {Mohamed Farag},
 journal = {ArXiv:1211.4840v1},
 title = {Multicore Dynamic Kernel Modules Attachment Technique for Kernel
Performance Enhancement},
 year = {2012}
}

@article{1211.4839v1,
 author = {Mohamed Farag},
 journal = {ArXiv:1211.4839v1},
 title = {An Insight View of Kernel Visual Debugger in System Boot up},
 year = {2012}
}

@article{1210.6447v1,
 author = {S. Yashvir and Om Prakash},
 journal = {ArXiv:1210.6447v1},
 title = {Disk Scheduling: Selection of Algorithm},
 year = {2012}
}

@article{1210.2882v1,
 author = {Oumair Naseer and Rana Atif Ali Khan},
 journal = {ArXiv:1210.2882v1},
 title = {Online Adaptive Fault Tolerant based Feedback Control Scheduling
Algorithm for Multiprocessor Embedded Systems},
 year = {2012}
}

@article{1210.1039v1,
 author = {Julien Ponge and Frédéric Le Mouël},
 journal = {ArXiv:1210.1039v1},
 title = {JooFlux: Hijacking Java 7 InvokeDynamic To Support Live Code
Modifications},
 year = {2012}
}

@article{1209.4600v1,
 author = {Kamlesh Sharma and T. V. Prasad},
 journal = {ArXiv:1209.4600v1},
 title = {Classification Of Heterogeneous Operating System},
 year = {2012}
}

@article{1209.0687v1,
 author = {Alessandro Armando and Alessio Merlo and Luca Verderame},
 journal = {ArXiv:1209.0687v1},
 title = {Security Issues in the Android Cross-Layer Architecture},
 year = {2012}
}

@article{1208.6428v1,
 author = {Pierre Olivier and Jalil Boukhobza},
 journal = {ArXiv:1208.6428v1},
 title = {A Hardware Time Manager Implementation for the Xenomai Real-Time Kernel
of Embedded Linux},
 year = {2012}
}

@article{1208.6406v1,
 author = {Piyus Kedia and Sorav Bansal and Deepak Deshpande and Sreekanth Iyer},
 journal = {ArXiv:1208.6406v1},
 title = {Building Resilient Cloud Over Unreliable Commodity Infrastructure},
 year = {2012}
}

@article{1208.6391v1,
 author = {Pierre Olivier and Jalil Boukhobza and Eric Senn},
 journal = {ArXiv:1208.6391v1},
 title = {On Benchmarking Embedded Linux Flash File Systems},
 year = {2012}
}

@article{1208.6390v1,
 author = {Pierre Olivier and Jalil Boukhobza and Eric Senn},
 journal = {ArXiv:1208.6390v1},
 title = {Performance Evaluation of Flash File Systems},
 year = {2012}
}

@article{1207.1591v1,
 author = {P. Radha Krishna Reddy and Ashim Roy and G. Sireesha and Ismatha Begum and S. Siva Ramaiah},
 journal = {ArXiv:1207.1591v1},
 title = {A Secure Dynamic Job Scheduling on Smart Grid using RSA Algorithm},
 year = {2012}
}

@article{1206.6213v1,
 author = {Javier Merino and Valentin Puente and José Ángel Gregorio},
 journal = {ArXiv:1206.6213v1},
 title = {The Necessity for Hardware QoS Support for Server Consolidation and
Cloud Computing},
 year = {2012}
}

@article{1206.0396v1,
 author = {Elsayed Saad and Medhat Awadalla and Mohamed Shalan and Abdullah Elewi},
 journal = {ArXiv:1206.0396v1},
 title = {Energy-Aware Task Partitioning on Heterogeneous Multiprocessor Platforms},
 year = {2012}
}

@article{1205.6423v1,
 author = {Plawan Kumar Rath and G. N. Anil},
 journal = {ArXiv:1205.6423v1},
 title = {Proposed Challenges And Areas of Concern in Operating System Research
and Development},
 year = {2012}
}

@article{1205.1687v1,
 author = {Sumit Sharma and Rohitt Sharma and Paramjit Singh and Aditya Mahajan},
 journal = {ArXiv:1205.1687v1},
 title = {Age Based User Interface in Mobile Operating System},
 year = {2012}
}

@article{1205.0124v1,
 author = {Jagbeer Singh and Satyendra Prasad Singh},
 journal = {ArXiv:1205.0124v1},
 title = {Schedulability Test for Soft Real-Time Systems under Multiprocessor
Environment by using an Earliest Deadline First Scheduling Algorithm},
 year = {2012}
}

@article{1204.0197v1,
 author = {Youssef Bassil},
 journal = {ArXiv:1204.0197v1},
 title = {Windows And Linux Operating Systems From A Security Perspective},
 year = {2012}
}

@article{1202.5282v2,
 author = {Mohammad Iftekhar Husain and Lokesh Mandvekar and Chunming Qiao and Ramalingam Sridhar},
 journal = {ArXiv:1202.5282v2},
 title = {How to Bypass Verified Boot Security in Chromium OS},
 year = {2012}
}

@article{1202.4030v1,
 author = {Shashi Shekhar and Michael Dietz and Dan S. Wallach},
 journal = {ArXiv:1202.4030v1},
 title = {AdSplit: Separating smartphone advertising from applications},
 year = {2012}
}

@article{1112.5136v1,
 author = {Ye Li and Matthew Danish and Richard West},
 journal = {ArXiv:1112.5136v1},
 title = {Quest-V: A Virtualized Multikernel for High-Confidence Systems},
 year = {2011}
}

@article{1112.4451v2,
 author = {Abhijat Vichare},
 journal = {ArXiv:1112.4451v2},
 title = {What is an OS?},
 year = {2011}
}

@article{1111.5880v1,
 author = {Fumin Zhang and Zhenwu Shi and Shayok Mukhopadhyay},
 journal = {ArXiv:1111.5880v1},
 title = {Robustness Analysis for Battery Supported Cyber-Physical Systems},
 year = {2011}
}

