@inproceedings{KelHorRieWre+19,
    title = {False Sense of Security: A Study on the Effectivity of Jailbreak Detection in Banking Apps.},
    author = {Ansgar Kellner AND Micha Horlboge AND Konrad Rieck AND Christian Wressnegger},
    booktitle = {Proc. of IEEE European Symposium on Security and Privacy},
    year = {2019},
    tnid = {07adc9f2eb},
    doi = {https://doi.org/10.1109/EuroSP.2019.00011},
    pages = {1--14},
}

@inproceedings{HuaJr.BugBac+19,
    title = {Up-To-Crash: Evaluating Third-Party Library Updatability on Android.},
    author = {Jie Huang AND Nataniel P. Borges Jr. AND Sven Bugiel AND Michael Backes},
    booktitle = {Proc. of IEEE European Symposium on Security and Privacy},
    year = {2019},
    tnid = {59f29a96b7},
    doi = {https://doi.org/10.1109/EuroSP.2019.00012},
    pages = {15--30},
}

@inproceedings{AbbWetHolEta+19,
    title = {Challenges in Designing Exploit Mitigations for Deeply Embedded Systems.},
    author = {Ali Abbasi AND Jos Wetzels AND Thorsten Holz AND Sandro Etalle},
    booktitle = {Proc. of IEEE European Symposium on Security and Privacy},
    year = {2019},
    tnid = {23f9e92b83},
    doi = {https://doi.org/10.1109/EuroSP.2019.00013},
    pages = {31--46},
}

@inproceedings{XuLiDenChe+19,
    title = {DroidEvolver: Self-Evolving Android Malware Detection System.},
    author = {Ke Xu AND Yingjiu Li AND Robert H. Deng AND Kai Chen AND Jiayun Xu},
    booktitle = {Proc. of IEEE European Symposium on Security and Privacy},
    year = {2019},
    tnid = {8e5c96dfbe},
    doi = {https://doi.org/10.1109/EuroSP.2019.00014},
    pages = {47--62},
}

@inproceedings{PedCho19,
    title = {Programming with Flow-Limited Authorization: Coarser is Better.},
    author = {Mathias Vorreiter Pedersen AND Stephen Chong},
    booktitle = {Proc. of IEEE European Symposium on Security and Privacy},
    year = {2019},
    tnid = {5897a74819},
    doi = {https://doi.org/10.1109/EuroSP.2019.00015},
    pages = {63--78},
}

@inproceedings{GuaBalSchBas+19,
    title = {Information-Flow Control for Database-Backed Applications.},
    author = {Marco Guarnieri AND Musard Balliu AND Daniel Schoepe AND David A. Basin AND Andrei Sabelfeld},
    booktitle = {Proc. of IEEE European Symposium on Security and Privacy},
    year = {2019},
    tnid = {da81b5dff3},
    doi = {https://doi.org/10.1109/EuroSP.2019.00016},
    pages = {79--94},
}

@inproceedings{KhaNasLiuWan+19,
    title = {Adaptive Call-Site Sensitive Control Flow Integrity.},
    author = {Mustakimur Khandaker AND Abu Naser AND Wenqing Liu AND Zhi Wang AND Yajin Zhou AND Yueqiang Cheng},
    booktitle = {Proc. of IEEE European Symposium on Security and Privacy},
    year = {2019},
    tnid = {a484468fee},
    doi = {https://doi.org/10.1109/EuroSP.2019.00017},
    pages = {95--110},
}

@inproceedings{PewKopHol19,
    title = {STEROIDS for DOPed Applications: A Compiler for Automated Data-Oriented Programming.},
    author = {Jannik Pewny AND Philipp Koppe AND Thorsten Holz},
    booktitle = {Proc. of IEEE European Symposium on Security and Privacy},
    year = {2019},
    tnid = {972fefebbe},
    doi = {https://doi.org/10.1109/EuroSP.2019.00018},
    pages = {111--126},
}

@inproceedings{WhiCheSasSch+19,
    title = {A Symbolic Analysis of ECC-Based Direct Anonymous Attestation.},
    author = {Jorden Whitefield AND Liqun Chen AND Ralf Sasse AND Steve Schneider AND Helen Treharne AND Stephan Wesemeyer},
    booktitle = {Proc. of IEEE European Symposium on Security and Privacy},
    year = {2019},
    tnid = {7690641ac6},
    doi = {https://doi.org/10.1109/EuroSP.2019.00019},
    pages = {127--141},
}

@inproceedings{CheCheXiaZha+19,
    title = {SgxPectre: Stealing Intel Secrets from SGX Enclaves Via Speculative Execution.},
    author = {Guoxing Chen AND Sanchuan Chen AND Yuan Xiao AND Yinqian Zhang AND Zhiqiang Lin AND Ten-Hwang Lai},
    booktitle = {Proc. of IEEE European Symposium on Security and Privacy},
    year = {2019},
    tnid = {a84ce7fcea},
    doi = {https://doi.org/10.1109/EuroSP.2019.00020},
    pages = {142--157},
}

@inproceedings{SorKarLiFed+19,
    title = {ReplicaTEE: Enabling Seamless Replication of SGX Enclaves in the Cloud.},
    author = {Claudio Soriente AND Ghassan Karame AND Wenting Li AND Sergey Fedorov},
    booktitle = {Proc. of IEEE European Symposium on Security and Privacy},
    year = {2019},
    tnid = {236acf4034},
    doi = {https://doi.org/10.1109/EuroSP.2019.00021},
    pages = {158--171},
}

@inproceedings{BirTik19,
    title = {Deanonymization and Linkability of Cryptocurrency Transactions Based on Network Analysis.},
    author = {Alex Biryukov AND Sergei Tikhomirov},
    booktitle = {Proc. of IEEE European Symposium on Security and Privacy},
    year = {2019},
    tnid = {6ba8a743b3},
    doi = {https://doi.org/10.1109/EuroSP.2019.00022},
    pages = {172--184},
}

@inproceedings{CheZhaKosHe+19,
    title = {Ekiden: A Platform for Confidentiality-Preserving, Trustworthy, and Performant Smart Contracts.},
    author = {Raymond Cheng AND Fan Zhang AND Jernej Kos AND Warren He AND Nicholas Hynes AND Noah M. Johnson AND Ari Juels AND Andrew Miller AND Dawn Song},
    booktitle = {Proc. of IEEE European Symposium on Security and Privacy},
    year = {2019},
    tnid = {b6eea0191a},
    doi = {https://doi.org/10.1109/EuroSP.2019.00023},
    pages = {185--200},
}

@inproceedings{HutPas19,
    title = {Understanding eWhoring.},
    author = {Alice Hutchings AND Sergio Pastrana},
    booktitle = {Proc. of IEEE European Symposium on Security and Privacy},
    year = {2019},
    tnid = {7e7cfd950b},
    doi = {https://doi.org/10.1109/EuroSP.2019.00024},
    pages = {201--214},
}

@inproceedings{LiuYanWonNgu+19,
    title = {Key-Insulated and Privacy-Preserving Signature Scheme with Publicly Derived Public Key.},
    author = {Zhen Liu AND Guomin Yang AND Duncan S. Wong AND Khoa Nguyen AND Huaxiong Wang},
    booktitle = {Proc. of IEEE European Symposium on Security and Privacy},
    year = {2019},
    tnid = {4fc797a7af},
    doi = {https://doi.org/10.1109/EuroSP.2019.00025},
    pages = {215--230},
}

@inproceedings{LipBlaBha19,
    title = {A Mechanised Cryptographic Proof of the WireGuard Virtual Private Network Protocol.},
    author = {Benjamin Lipp AND Bruno Blanchet AND Karthikeyan Bhargavan},
    booktitle = {Proc. of IEEE European Symposium on Security and Privacy},
    year = {2019},
    tnid = {7b7602f5a9},
    doi = {https://doi.org/10.1109/EuroSP.2019.00026},
    pages = {231--246},
}

@inproceedings{KorEfs19,
    title = {The Case of Adversarial Inputs for Secure Similarity Approximation Protocols.},
    author = {Evgenios M. Kornaropoulos AND Petros Efstathopoulos},
    booktitle = {Proc. of IEEE European Symposium on Security and Privacy},
    year = {2019},
    tnid = {e62e87826b},
    doi = {https://doi.org/10.1109/EuroSP.2019.00027},
    pages = {247--262},
}

@inproceedings{KohBüsKat19,
    title = {A Practical Attestation Protocol for Autonomous Embedded Systems.},
    author = {Florian Kohnhäuser AND Niklas Büscher AND Stefan Katzenbeisser},
    booktitle = {Proc. of IEEE European Symposium on Security and Privacy},
    year = {2019},
    tnid = {05c6d21f3e},
    doi = {https://doi.org/10.1109/EuroSP.2019.00028},
    pages = {263--278},
}

@inproceedings{VerHicGar19,
    title = {IFAL: Issue First Activate Later Certificates for V2X.},
    author = {Eric R. Verheul AND Christopher Hicks AND Flavio D. Garcia},
    booktitle = {Proc. of IEEE European Symposium on Security and Privacy},
    year = {2019},
    tnid = {d967143f47},
    doi = {https://doi.org/10.1109/EuroSP.2019.00029},
    pages = {279--293},
}

@inproceedings{BlaBosBulFou+19,
    title = {SAID: Reshaping Signal into an Identity-Based Asynchronous Messaging Protocol with Authenticated Ratcheting.},
    author = {Olivier Blazy AND Angèle Bossuat AND Xavier Bultel AND Pierre-Alain Fouque AND Cristina Onete AND Elena Pagnin},
    booktitle = {Proc. of IEEE European Symposium on Security and Privacy},
    year = {2019},
    tnid = {afa8ab1b8c},
    doi = {https://doi.org/10.1109/EuroSP.2019.00030},
    pages = {294--309},
}

@inproceedings{KouHeiAndBos+19,
    title = {SoK: Benchmarking Flaws in Systems Security.},
    author = {Erik van der Kouwe AND Gernot Heiser AND Dennis Andriesse AND Herbert Bos AND Cristiano Giuffrida},
    booktitle = {Proc. of IEEE European Symposium on Security and Privacy},
    year = {2019},
    tnid = {bc04a38ae6},
    doi = {https://doi.org/10.1109/EuroSP.2019.00031},
    pages = {310--325},
}

@inproceedings{ÇetGañAltTaj+19,
    title = {Tell Me You Fixed It: Evaluating Vulnerability Notifications via Quarantine Networks.},
    author = {Orçun Çetin AND Carlos Gañán AND Lisette Altena AND Samaneh Tajalizadehkhoob AND Michel van Eeten},
    booktitle = {Proc. of IEEE European Symposium on Security and Privacy},
    year = {2019},
    tnid = {0521a9cc00},
    doi = {https://doi.org/10.1109/EuroSP.2019.00032},
    pages = {326--339},
}

@inproceedings{XosTotBet19,
    title = {Discovering Correlations: A Formal Definition of Causal Dependency Among Heterogeneous Events.},
    author = {Charles Xosanavongsa AND Eric Totel AND Olivier Bettan},
    booktitle = {Proc. of IEEE European Symposium on Security and Privacy},
    year = {2019},
    tnid = {9c39888552},
    doi = {https://doi.org/10.1109/EuroSP.2019.00033},
    pages = {340--355},
}

@inproceedings{KobNicBha19,
    title = {Noise Explorer: Fully Automated Modeling and Verification for Arbitrary Noise Protocols.},
    author = {Nadim Kobeissi AND Georgio Nicolas AND Karthikeyan Bhargavan},
    booktitle = {Proc. of IEEE European Symposium on Security and Privacy},
    year = {2019},
    tnid = {04e869bb5d},
    doi = {https://doi.org/10.1109/EuroSP.2019.00034},
    pages = {356--370},
}

@inproceedings{TakTib19,
    title = {Degenerate Fault Attacks on Elliptic Curve Parameters in OpenSSL.},
    author = {Akira Takahashi AND Mehdi Tibouchi},
    booktitle = {Proc. of IEEE European Symposium on Security and Privacy},
    year = {2019},
    tnid = {2f1bc91123},
    doi = {https://doi.org/10.1109/EuroSP.2019.00035},
    pages = {371--386},
}

@inproceedings{RakKöp19,
    title = {On Aggregation of Information in Timing Attacks.},
    author = {Itsaka Rakotonirina AND Boris Köpf},
    booktitle = {Proc. of IEEE European Symposium on Security and Privacy},
    year = {2019},
    tnid = {e5dcfe8f03},
    doi = {https://doi.org/10.1109/EuroSP.2019.00036},
    pages = {387--400},
}

@inproceedings{DecNaiDanSmi+19,
    title = {In Encryption We Don't Trust: The Effect of End-to-End Encryption to the Masses on User Perception.},
    author = {Sergej Dechand AND Alena Naiakshina AND Anastasia Danilova AND Matthew Smith},
    booktitle = {Proc. of IEEE European Symposium on Security and Privacy},
    year = {2019},
    tnid = {1035436e6a},
    doi = {https://doi.org/10.1109/EuroSP.2019.00037},
    pages = {401--415},
}

@inproceedings{OyaTroPér19,
    title = {Rethinking Location Privacy for Unknown Mobility Behaviors.},
    author = {Simon Oya AND Carmela Troncoso AND Fernando Pérez-González},
    booktitle = {Proc. of IEEE European Symposium on Security and Privacy},
    year = {2019},
    tnid = {73f02e57bb},
    doi = {https://doi.org/10.1109/EuroSP.2019.00038},
    pages = {416--431},
}

@inproceedings{KalOmoRam19,
    title = {Revisiting User Privacy for Certificate Transparency.},
    author = {Daniel Kales AND Olamide Omolola AND Sebastian Ramacher},
    booktitle = {Proc. of IEEE European Symposium on Security and Privacy},
    year = {2019},
    tnid = {3b4a0b7f5e},
    doi = {https://doi.org/10.1109/EuroSP.2019.00039},
    pages = {432--447},
}

@inproceedings{JärLepLohRic+19,
    title = {PILOT: Practical Privacy-Preserving Indoor Localization Using OuTsourcing.},
    author = {Kimmo Järvinen AND Helena Leppäkoski AND Elena Simona Lohan AND Philipp Richter AND Thomas Schneider AND Oleksandr Tkachenko AND Zheng Yang},
    booktitle = {Proc. of IEEE European Symposium on Security and Privacy},
    year = {2019},
    tnid = {5bc65f3171},
    doi = {https://doi.org/10.1109/EuroSP.2019.00040},
    pages = {448--463},
}

@inproceedings{Kou19a,
    title = {The 5G-AKA Authentication Protocol Privacy.},
    author = {Adrien Koutsos},
    booktitle = {Proc. of IEEE European Symposium on Security and Privacy},
    year = {2019},
    tnid = {96d5b0ca25},
    doi = {https://doi.org/10.1109/EuroSP.2019.00041},
    pages = {464--479},
}

@inproceedings{CheWuRasLia+19,
    title = {Towards Understanding Limitations of Pixel Discretization Against Adversarial Attacks.},
    author = {Jiefeng Chen AND Xi Wu AND Vaibhav Rastogi AND Yingyu Liang AND Somesh Jha},
    booktitle = {Proc. of IEEE European Symposium on Security and Privacy},
    year = {2019},
    tnid = {64cf2a55b9},
    doi = {https://doi.org/10.1109/EuroSP.2019.00042},
    pages = {480--495},
}

@inproceedings{ChaGupRasSha+19,
    title = {EzPC: Programmable and Efficient Secure Two-Party Computation for Machine Learning.},
    author = {Nishanth Chandran AND Divya Gupta AND Aseem Rastogi AND Rahul Sharma AND Shardul Tripathi},
    booktitle = {Proc. of IEEE European Symposium on Security and Privacy},
    year = {2019},
    tnid = {8fd67628c5},
    doi = {https://doi.org/10.1109/EuroSP.2019.00043},
    pages = {496--511},
}

@inproceedings{JuuSzyMarAso+19,
    title = {PRADA: Protecting Against DNN Model Stealing Attacks.},
    author = {Mika Juuti AND Sebastian Szyller AND Samuel Marchal AND N. Asokan},
    booktitle = {Proc. of IEEE European Symposium on Security and Privacy},
    year = {2019},
    tnid = {cf339943ff},
    doi = {https://doi.org/10.1109/EuroSP.2019.00044},
    pages = {512--527},
}

@inproceedings{CalConFocRab+19,
    title = {Mitch: A Machine Learning Approach to the Black-Box Detection of CSRF Vulnerabilities.},
    author = {Stefano Calzavara AND Mauro Conti AND Riccardo Focardi AND Alvise Rabitti AND Gabriele Tolomei},
    booktitle = {Proc. of IEEE European Symposium on Security and Privacy},
    year = {2019},
    tnid = {61fef7a21d},
    doi = {https://doi.org/10.1109/EuroSP.2019.00045},
    pages = {528--543},
}

@inproceedings{SchWanWei19,
    title = {Domain Impersonation is Feasible: A Study of CA Domain Validation Vulnerabilities.},
    author = {Lorenz Schwittmann AND Matthäus Wander AND Torben Weis},
    booktitle = {Proc. of IEEE European Symposium on Security and Privacy},
    year = {2019},
    tnid = {a568f6d638},
    doi = {https://doi.org/10.1109/EuroSP.2019.00046},
    pages = {544--559},
}

@inproceedings{LiuLiZonLu+19,
    title = {TraffickStop: Detecting and Measuring Illicit Traffic Monetization Through Large-Scale DNS Analysis.},
    author = {Baojun Liu AND Zhou Li AND Peiyuan Zong AND Chaoyi Lu AND Hai-Xin Duan AND Ying Liu AND Sumayah A. Alrwais AND XiaoFeng Wang AND Shuang Hao AND Yaoqi Jia AND Yiming Zhang AND Kai Chen AND Zaifeng Zhang},
    booktitle = {Proc. of IEEE European Symposium on Security and Privacy},
    year = {2019},
    tnid = {5bdb40c4c5},
    doi = {https://doi.org/10.1109/EuroSP.2019.00047},
    pages = {560--575},
}

@inproceedings{SchTiaHer19,
    title = {StopGuessing: Using Guessed Passwords to Thwart Online Guessing.},
    author = {Stuart E. Schechter AND Yuan Tian AND Cormac Herley},
    booktitle = {Proc. of IEEE European Symposium on Security and Privacy},
    year = {2019},
    tnid = {04c51f9f8b},
    doi = {https://doi.org/10.1109/EuroSP.2019.00048},
    pages = {576--589},
}

@inproceedings{SebRos19,
    title = {MALPITY: Automatic Identification and Exploitation of Tarpit Vulnerabilities in Malware.},
    author = {Walla Sebastian AND Christian Rossow},
    booktitle = {Proc. of IEEE European Symposium on Security and Privacy},
    year = {2019},
    tnid = {93a2638596},
    doi = {https://doi.org/10.1109/EuroSP.2019.00049},
    pages = {590--605},
}

@inproceedings{BurDraKre19,
    title = {Private Votes on Untrusted Platforms: Models, Attacks and Provable Scheme.},
    author = {Sergiu Bursuc AND Constantin Catalin Dragan AND Steve Kremer},
    booktitle = {Proc. of IEEE European Symposium on Security and Privacy},
    year = {2019},
    tnid = {f6e323713f},
    doi = {https://doi.org/10.1109/EuroSP.2019.00050},
    pages = {606--620},
}

@inproceedings{KriWilVär19,
    title = {Is Your Vote Overheard? A New Scalable Side-Channel Attack Against Paper Voting.},
    author = {Kristjan Krips AND Jan Willemson AND Sebastian Värv},
    booktitle = {Proc. of IEEE European Symposium on Security and Privacy},
    year = {2019},
    tnid = {1cf0e3c9af},
    doi = {https://doi.org/10.1109/EuroSP.2019.00051},
    pages = {621--634},
}

@inproceedings{HirCre19,
    title = {Improving Automated Symbolic Analysis of Ballot Secrecy for E-Voting Protocols: A Method Based on Sufficient Conditions.},
    author = {Lucca Hirschi AND Cas Cremers},
    booktitle = {Proc. of IEEE European Symposium on Security and Privacy},
    year = {2019},
    tnid = {64a3eedbad},
    doi = {https://doi.org/10.1109/EuroSP.2019.00052},
    pages = {635--650},
}

@inproceedings{SimChiAnd18,
    title = {What You Get is What You C: Controlling Side Effects in Mainstream C Compilers.},
    author = {Laurent Simon AND David Chisnall AND Ross J. Anderson},
    booktitle = {Proc. of IEEE European Symposium on Security and Privacy},
    year = {2018},
    tnid = {92e6dadce0},
    doi = {https://doi.org/10.1109/EuroSP.2018.00009},
    pages = {1--15},
}

@inproceedings{MurSisEng18,
    title = {COVERN: A Logic for Compositional Verification of Information Flow Control.},
    author = {Toby C. Murray AND Robert Sison AND Kai Engelhardt},
    booktitle = {Proc. of IEEE European Symposium on Security and Privacy},
    year = {2018},
    tnid = {1240fdd412},
    doi = {https://doi.org/10.1109/EuroSP.2018.00010},
    pages = {16--30},
}

@inproceedings{CotWegBas18,
    title = {Mining ABAC Rules from Sparse Logs.},
    author = {Carlos Cotrini AND Thilo Weghorn AND David A. Basin},
    booktitle = {Proc. of IEEE European Symposium on Security and Privacy},
    year = {2018},
    tnid = {16e26bc16f},
    doi = {https://doi.org/10.1109/EuroSP.2018.00011},
    pages = {31--46},
}

@inproceedings{AggVisZhaKum+18,
    title = {I Spy with My Little Eye: Analysis and Detection of Spying Browser Extensions.},
    author = {Anupama Aggarwal AND Bimal Viswanath AND Liang Zhang AND Saravana Kumar AND Ayush Shah AND Ponnurangam Kumaraguru},
    booktitle = {Proc. of IEEE European Symposium on Security and Privacy},
    year = {2018},
    tnid = {3ea2caed20},
    doi = {https://doi.org/10.1109/EuroSP.2018.00012},
    pages = {47--61},
}

@inproceedings{BerHumZhaLeh+18,
    title = {Dissecting Privacy Risks in Biomedical Data.},
    author = {Pascal Berrang AND Mathias Humbert AND Yang Zhang AND Irina Lehmann AND Roland Eils AND Michael Backes},
    booktitle = {Proc. of IEEE European Symposium on Security and Privacy},
    year = {2018},
    tnid = {c84e866bc8},
    doi = {https://doi.org/10.1109/EuroSP.2018.00013},
    pages = {62--76},
}

@inproceedings{SpeSteKünSim+18,
    title = {Formally Reasoning about the Cost and Efficacy of Securing the Email Infrastructure.},
    author = {Patrick Speicher AND Marcel Steinmetz AND Robert Künnemann AND Milivoj Simeonovski AND Giancarlo Pellegrino AND Jörg Hoffmann AND Michael Backes},
    booktitle = {Proc. of IEEE European Symposium on Security and Privacy},
    year = {2018},
    tnid = {8d4faf51d5},
    doi = {https://doi.org/10.1109/EuroSP.2018.00014},
    pages = {77--91},
}

@inproceedings{BodDegGalFoc+18,
    title = {Language-Independent Synthesis of Firewall Policies.},
    author = {Chiara Bodei AND Pierpaolo Degano AND Letterio Galletta AND Riccardo Focardi AND Mauro Tempesta AND Lorenzo Veronese},
    booktitle = {Proc. of IEEE European Symposium on Security and Privacy},
    year = {2018},
    tnid = {c08938876c},
    doi = {https://doi.org/10.1109/EuroSP.2018.00015},
    pages = {92--106},
}

@inproceedings{StrSmiLenMar+18,
    title = {The Real First Class? Inferring Confidential Corporate Mergers and Government Relations from Air Traffic Communication.},
    author = {Martin Strohmeier AND Matthew Smith AND Vincent Lenders AND Ivan Martinovic},
    booktitle = {Proc. of IEEE European Symposium on Security and Privacy},
    year = {2018},
    tnid = {d6b7dcd34f},
    doi = {https://doi.org/10.1109/EuroSP.2018.00016},
    pages = {107--121},
}

@inproceedings{RytTatKopHol+18,
    title = {Masters of Time: An Overview of the NTP Ecosystem.},
    author = {Teemu Rytilahti AND Dennis Tatang AND Janosch Kopper AND Thorsten Holz},
    booktitle = {Proc. of IEEE European Symposium on Security and Privacy},
    year = {2018},
    tnid = {c87c1141de},
    doi = {https://doi.org/10.1109/EuroSP.2018.00017},
    pages = {122--136},
}

@inproceedings{CheAsoPerBar+18,
    title = {TARANET: Traffic-Analysis Resistant Anonymity at the Network Layer.},
    author = {Chen Chen AND Daniele Enrico Asoni AND Adrian Perrig AND David Barrera AND George Danezis AND Carmela Troncoso},
    booktitle = {Proc. of IEEE European Symposium on Security and Privacy},
    year = {2018},
    tnid = {0e2dfbd9ee},
    doi = {https://doi.org/10.1109/EuroSP.2018.00018},
    pages = {137--152},
}

@inproceedings{OnaRobKir18,
    title = {Eraser: Your Data Won't Be Back.},
    author = {Kaan Onarlioglu AND William K. Robertson AND Engin Kirda},
    booktitle = {Proc. of IEEE European Symposium on Security and Privacy},
    year = {2018},
    tnid = {ae46bfa041},
    doi = {https://doi.org/10.1109/EuroSP.2018.00019},
    pages = {153--166},
}

@inproceedings{MorWerKinSno+18,
    title = {Security Risks in Asynchronous Web Servers: When Performance Optimizations Amplify the Impact of Data-Oriented Attacks.},
    author = {Micah Morton AND Jan Werner AND Panagiotis Kintis AND Kevin Z. Snow AND Manos Antonakakis AND Michalis Polychronakis AND Fabian Monrose},
    booktitle = {Proc. of IEEE European Symposium on Security and Privacy},
    year = {2018},
    tnid = {953f64e2e4},
    doi = {https://doi.org/10.1109/EuroSP.2018.00020},
    pages = {167--182},
}

@inproceedings{VasCha18,
    title = {Have Your PI and Eat it Too: Practical Security on a Low-Cost Ubiquitous Computing Platform.},
    author = {Amit Vasudevan AND Sagar Chaki},
    booktitle = {Proc. of IEEE European Symposium on Security and Privacy},
    year = {2018},
    tnid = {009cd3713f},
    doi = {https://doi.org/10.1109/EuroSP.2018.00021},
    pages = {183--198},
}

@inproceedings{VaaJuuAsoMar+18,
    title = {Get in Line: Ongoing Co-presence Verification of a Vehicle Formation Based on Driving Trajectories.},
    author = {Christian Vaas AND Mika Juuti AND N. Asokan AND Ivan Martinovic},
    booktitle = {Proc. of IEEE European Symposium on Security and Privacy},
    year = {2018},
    tnid = {c34a9c7cc0},
    doi = {https://doi.org/10.1109/EuroSP.2018.00022},
    pages = {199--213},
}

@inproceedings{WerUntSchMan+18,
    title = {Sponge-Based Control-Flow Protection for IoT Devices.},
    author = {Mario Werner AND Thomas Unterluggauer AND David Schaffenrath AND Stefan Mangard},
    booktitle = {Proc. of IEEE European Symposium on Security and Privacy},
    year = {2018},
    tnid = {5fafba63aa},
    doi = {https://doi.org/10.1109/EuroSP.2018.00023},
    pages = {214--226},
}

@inproceedings{GökKolKopBos+18,
    title = {Position-Independent Code Reuse: On the Effectiveness of ASLR in the Absence of Information Disclosure.},
    author = {Enes Göktas AND Benjamin Kollenda AND Philipp Koppe AND Erik Bosman AND Georgios Portokalidis AND Thorsten Holz AND Herbert Bos AND Cristiano Giuffrida},
    booktitle = {Proc. of IEEE European Symposium on Security and Privacy},
    year = {2018},
    tnid = {6b0aabd3f2},
    doi = {https://doi.org/10.1109/EuroSP.2018.00024},
    pages = {227--242},
}

@inproceedings{SteYadColDeb+18,
    title = {Probabilistic Obfuscation Through Covert Channels.},
    author = {Jon Stephens AND Babak Yadegari AND Christian S. Collberg AND Saumya Debray AND Carlos Scheidegger},
    booktitle = {Proc. of IEEE European Symposium on Security and Privacy},
    year = {2018},
    tnid = {ff77e45ad9},
    doi = {https://doi.org/10.1109/EuroSP.2018.00025},
    pages = {243--257},
}

@inproceedings{BaiLynPapMaz+18,
    title = {Understanding User Tradeoffs for Search in Encrypted Communication.},
    author = {Wei Bai AND Ciara Lynton AND Charalampos Papamanthou AND Michelle L. Mazurek},
    booktitle = {Proc. of IEEE European Symposium on Security and Privacy},
    year = {2018},
    tnid = {6bbd435a28},
    doi = {https://doi.org/10.1109/EuroSP.2018.00026},
    pages = {258--272},
}

@inproceedings{DerRamSla18,
    title = {Short Double- and N-Times-Authentication-Preventing Signatures from ECDSA and More.},
    author = {David Derler AND Sebastian Ramacher AND Daniel Slamanig},
    booktitle = {Proc. of IEEE European Symposium on Security and Privacy},
    year = {2018},
    tnid = {96635434f0},
    doi = {https://doi.org/10.1109/EuroSP.2018.00027},
    pages = {273--287},
}

@inproceedings{WriVar18,
    title = {Crypto Crumple Zones: Enabling Limited Access without Mass Surveillance.},
    author = {Charles V. Wright AND Mayank Varia},
    booktitle = {Proc. of IEEE European Symposium on Security and Privacy},
    year = {2018},
    tnid = {123f49414f},
    doi = {https://doi.org/10.1109/EuroSP.2018.00028},
    pages = {288--306},
}

@inproceedings{BanRosBul18,
    title = {Online Synthesis of Adaptive Side-Channel Attacks Based On Noisy Observations.},
    author = {Lucas Bang AND Nicolás Rosner AND Tevfik Bultan},
    booktitle = {Proc. of IEEE European Symposium on Security and Privacy},
    year = {2018},
    tnid = {68f76ad605},
    doi = {https://doi.org/10.1109/EuroSP.2018.00029},
    pages = {307--322},
}

@inproceedings{WatShiAkiSas+18,
    title = {User Blocking Considered Harmful? An Attacker-Controllable Side Channel to Identify Social Accounts.},
    author = {Takuya Watanabe AND Eitaro Shioji AND Mitsuaki Akiyama AND Keito Sasaoka AND Takeshi Yagi AND Tatsuya Mori},
    booktitle = {Proc. of IEEE European Symposium on Security and Privacy},
    year = {2018},
    tnid = {8c69f8fbc9},
    doi = {https://doi.org/10.1109/EuroSP.2018.00030},
    pages = {323--337},
}

@inproceedings{PodSomSchLoc+18,
    title = {Attacking Deterministic Signature Schemes Using Fault Attacks.},
    author = {Damian Poddebniak AND Juraj Somorovsky AND Sebastian Schinzel AND Manfred Lochter AND Paul Rösler},
    booktitle = {Proc. of IEEE European Symposium on Security and Privacy},
    year = {2018},
    tnid = {9e7aa8a1e1},
    doi = {https://doi.org/10.1109/EuroSP.2018.00031},
    pages = {338--352},
}

@inproceedings{BosDucKilLep+18,
    title = {CRYSTALS - Kyber: A CCA-Secure Module-Lattice-Based KEM.},
    author = {Joppe W. Bos AND Léo Ducas AND Eike Kiltz AND Tancrède Lepoint AND Vadim Lyubashevsky AND John M. Schanck AND Peter Schwabe AND Gregor Seiler AND Damien Stehlé},
    booktitle = {Proc. of IEEE European Symposium on Security and Privacy},
    year = {2018},
    tnid = {e8958675d7},
    doi = {https://doi.org/10.1109/EuroSP.2018.00032},
    pages = {353--367},
}

@inproceedings{HarBlo18,
    title = {Just In Time Hashing.},
    author = {Benjamin Harsha AND Jeremiah Blocki},
    booktitle = {Proc. of IEEE European Symposium on Security and Privacy},
    year = {2018},
    tnid = {efde4fddf5},
    doi = {https://doi.org/10.1109/EuroSP.2018.00033},
    pages = {368--383},
}

@inproceedings{ValSulSanHen+18,
    title = {In Search of CurveSwap: Measuring Elliptic Curve Implementations in the Wild.},
    author = {Luke Valenta AND Nick Sullivan AND Antonio Sanso AND Nadia Heninger},
    booktitle = {Proc. of IEEE European Symposium on Security and Privacy},
    year = {2018},
    tnid = {fcd66f66f1},
    doi = {https://doi.org/10.1109/EuroSP.2018.00034},
    pages = {384--398},
}

@inproceedings{PapMcDSinWel+18,
    title = {SoK: Security and Privacy in Machine Learning.},
    author = {Nicolas Papernot AND Patrick D. McDaniel AND Arunesh Sinha AND Michael P. Wellman},
    booktitle = {Proc. of IEEE European Symposium on Security and Privacy},
    year = {2018},
    tnid = {35471bf87c},
    doi = {https://doi.org/10.1109/EuroSP.2018.00035},
    pages = {399--414},
}

@inproceedings{RösMaiSch18,
    title = {More is Less: On the End-to-End Security of Group Chats in Signal, WhatsApp, and Threema.},
    author = {Paul Rösler AND Christian Mainka AND Jörg Schwenk},
    booktitle = {Proc. of IEEE European Symposium on Security and Privacy},
    year = {2018},
    tnid = {02070e0d7b},
    doi = {https://doi.org/10.1109/EuroSP.2018.00036},
    pages = {415--429},
}

@inproceedings{CorGalTur18,
    title = {A Formal Analysis of the Neuchatel e-Voting Protocol.},
    author = {Véronique Cortier AND David Galindo AND Mathieu Turuani},
    booktitle = {Proc. of IEEE European Symposium on Security and Privacy},
    year = {2018},
    tnid = {7baa7794f2},
    doi = {https://doi.org/10.1109/EuroSP.2018.00037},
    pages = {430--442},
}

@inproceedings{SkrLan18,
    title = {On Composability of Game-Based Password Authenticated Key Exchange.},
    author = {Marjan Skrobot AND Jean Lancrenon},
    booktitle = {Proc. of IEEE European Symposium on Security and Privacy},
    year = {2018},
    tnid = {6fd64a4f11},
    doi = {https://doi.org/10.1109/EuroSP.2018.00038},
    pages = {443--457},
}

@inproceedings{ZhuDum18,
    title = {ChainSmith: Automatically Learning the Semantics of Malicious Campaigns by Mining Threat Intelligence Reports.},
    author = {Ziyun Zhu AND Tudor Dumitras},
    booktitle = {Proc. of IEEE European Symposium on Security and Privacy},
    year = {2018},
    tnid = {0b6fa042a9},
    doi = {https://doi.org/10.1109/EuroSP.2018.00039},
    pages = {458--472},
}

@inproceedings{XuLiDenChe+18,
    title = {DeepRefiner: Multi-layer Android Malware Detection System Applying Deep Neural Networks.},
    author = {Ke Xu AND Yingjiu Li AND Robert H. Deng AND Kai Chen},
    booktitle = {Proc. of IEEE European Symposium on Security and Privacy},
    year = {2018},
    tnid = {f8d57720a3},
    doi = {https://doi.org/10.1109/EuroSP.2018.00040},
    pages = {473--487},
}

@inproceedings{QuiArpRie18,
    title = {Forgotten Siblings: Unifying Attacks on Machine Learning and Digital Watermarking.},
    author = {Erwin Quiring AND Daniel Arp AND Konrad Rieck},
    booktitle = {Proc. of IEEE European Symposium on Security and Privacy},
    year = {2018},
    tnid = {e3e7e55bfe},
    doi = {https://doi.org/10.1109/EuroSP.2018.00041},
    pages = {488--502},
}

@inproceedings{TriWeiXuHon+17,
    title = {WALNUT: Waging Doubt on the Integrity of MEMS Accelerometers with Acoustic Injection Attacks.},
    author = {Timothy Trippel AND Ofir Weisse AND Wenyuan Xu AND Peter Honeyman AND Kevin Fu},
    booktitle = {Proc. of IEEE European Symposium on Security and Privacy},
    year = {2017},
    tnid = {f7f4b8ec1c},
    doi = {https://doi.org/10.1109/EuroSP.2017.42},
    pages = {3--18},
}

@inproceedings{TraZhaLinHub+17,
    title = {Sealed-Glass Proofs: Using Transparent Enclaves to Prove and Sell Knowledge.},
    author = {Florian Tramèr AND Fan Zhang AND Huang Lin AND Jean-Pierre Hubaux AND Ari Juels AND Elaine Shi},
    booktitle = {Proc. of IEEE European Symposium on Security and Privacy},
    year = {2017},
    tnid = {d73b8b8216},
    doi = {https://doi.org/10.1109/EuroSP.2017.28},
    pages = {19--34},
}

@inproceedings{ArpQuiWreRie+17,
    title = {Privacy Threats through Ultrasonic Side Channels on Mobile Devices.},
    author = {Daniel Arp AND Erwin Quiring AND Christian Wressnegger AND Konrad Rieck},
    booktitle = {Proc. of IEEE European Symposium on Security and Privacy},
    year = {2017},
    tnid = {11e52dc489},
    doi = {https://doi.org/10.1109/EuroSP.2017.33},
    pages = {35--47},
}

@inproceedings{VesGui17,
    title = {Use of Simulators for Side-Channel Analysis.},
    author = {Nikita Veshchikov AND Sylvain Guilley},
    booktitle = {Proc. of IEEE European Symposium on Security and Privacy},
    year = {2017},
    tnid = {0227f4ab67},
    doi = {https://doi.org/10.1109/EuroSP.2017.31},
    pages = {51--59},
}

@inproceedings{FisGün17,
    title = {Replay Attacks on Zero Round-Trip Time: The Case of the TLS 1.3 Handshake Candidates.},
    author = {Marc Fischlin AND Felix Günther},
    booktitle = {Proc. of IEEE European Symposium on Security and Privacy},
    year = {2017},
    tnid = {1154e0fd35},
    doi = {https://doi.org/10.1109/EuroSP.2017.18},
    pages = {60--75},
}

@inproceedings{BacDreKreKün+17,
    title = {A Novel Approach for Reasoning about Liveness in Cryptographic Protocols and Its Application to Fair Exchange.},
    author = {Michael Backes AND Jannik Dreier AND Steve Kremer AND Robert Künnemann},
    booktitle = {Proc. of IEEE European Symposium on Security and Privacy},
    year = {2017},
    tnid = {af092dd52f},
    doi = {https://doi.org/10.1109/EuroSP.2017.12},
    pages = {76--91},
}

@inproceedings{LalBasSpr17,
    title = {Refining Authenticated Key Agreement with Strong Adversaries.},
    author = {Joseph Lallemand AND David A. Basin AND Christoph Sprenger},
    booktitle = {Proc. of IEEE European Symposium on Security and Privacy},
    year = {2017},
    tnid = {e884f8b23b},
    doi = {https://doi.org/10.1109/EuroSP.2017.22},
    pages = {92--107},
}

@inproceedings{AteMagVenAnd+17,
    title = {Redactable Blockchain - or - Rewriting History in Bitcoin and Friends.},
    author = {Giuseppe Ateniese AND Bernardo Magri AND Daniele Venturi AND Ewerton R. Andrade},
    booktitle = {Proc. of IEEE European Symposium on Security and Privacy},
    year = {2017},
    tnid = {34f1827e67},
    doi = {https://doi.org/10.1109/EuroSP.2017.37},
    pages = {111--126},
}

@inproceedings{PerPerTro17,
    title = {Secure Queries on Encrypted Multi-writer Tables.},
    author = {Angelo Massimo Perillo AND Giuseppe Persiano AND Alberto Trombetta},
    booktitle = {Proc. of IEEE European Symposium on Security and Privacy},
    year = {2017},
    tnid = {7668102f4d},
    doi = {https://doi.org/10.1109/EuroSP.2017.20},
    pages = {127--141},
}

@inproceedings{AlwBlo17,
    title = {Towards Practical Attacks on Argon2i and Balloon Hashing.},
    author = {Joël Alwen AND Jeremiah Blocki},
    booktitle = {Proc. of IEEE European Symposium on Security and Privacy},
    year = {2017},
    tnid = {9c6bffc864},
    doi = {https://doi.org/10.1109/EuroSP.2017.47},
    pages = {142--157},
}

@inproceedings{ZhaKatPap17,
    title = {An Expressive (Zero-Knowledge) Set Accumulator.},
    author = {Yupeng Zhang AND Jonathan Katz AND Charalampos Papamanthou},
    booktitle = {Proc. of IEEE European Symposium on Security and Privacy},
    year = {2017},
    tnid = {db3b2fed91},
    doi = {https://doi.org/10.1109/EuroSP.2017.35},
    pages = {158--173},
}

@inproceedings{AndSloBos17,
    title = {Compiler-Agnostic Function Detection in Binaries.},
    author = {Dennis Andriesse AND Asia Slowinska AND Herbert Bos},
    booktitle = {Proc. of IEEE European Symposium on Security and Privacy},
    year = {2017},
    tnid = {0691ac2bc6},
    doi = {https://doi.org/10.1109/EuroSP.2017.11},
    pages = {177--189},
}

@inproceedings{JiaCheLinKon+17,
    title = {Open Doors for Bob and Mallory: Open Port Usage in Android Apps and Security Implications.},
    author = {Yunhan Jack Jia AND Qi Alfred Chen AND Yikai Lin AND Chao Kong AND Zhuoqing Morley Mao},
    booktitle = {Proc. of IEEE European Symposium on Security and Privacy},
    year = {2017},
    tnid = {092b4be9c7},
    doi = {https://doi.org/10.1109/EuroSP.2017.44},
    pages = {190--203},
}

@inproceedings{BacNau17,
    title = {LUNA: Quantifying and Leveraging Uncertainty in Android Malware Analysis through Bayesian Machine Learning.},
    author = {Michael Backes AND Mohammad Nauman},
    booktitle = {Proc. of IEEE European Symposium on Security and Privacy},
    year = {2017},
    tnid = {b64018ea86},
    doi = {https://doi.org/10.1109/EuroSP.2017.24},
    pages = {204--217},
}

@inproceedings{GurMirElo17,
    title = {9-1-1 DDoS: Attacks, Analysis and Mitigation.},
    author = {Mordechai Guri AND Yisroel Mirsky AND Yuval Elovici},
    booktitle = {Proc. of IEEE European Symposium on Security and Privacy},
    year = {2017},
    tnid = {a22baa8850},
    doi = {https://doi.org/10.1109/EuroSP.2017.23},
    pages = {218--232},
}

@inproceedings{SahFraGupAha+17,
    title = {SoK: Fraud in Telephony Networks.},
    author = {Merve Sahin AND Aurélien Francillon AND Payas Gupta AND Mustaque Ahamad},
    booktitle = {Proc. of IEEE European Symposium on Security and Privacy},
    year = {2017},
    tnid = {ce8952482f},
    doi = {https://doi.org/10.1109/EuroSP.2017.40},
    pages = {235--250},
}

@inproceedings{MaiMlaSchWic+17,
    title = {SoK: Single Sign-On Security - An Evaluation of OpenID Connect.},
    author = {Christian Mainka AND Vladislav Mladenov AND Jörg Schwenk AND Tobias Wich},
    booktitle = {Proc. of IEEE European Symposium on Security and Privacy},
    year = {2017},
    tnid = {3a56a8a2ad},
    doi = {https://doi.org/10.1109/EuroSP.2017.32},
    pages = {251--266},
}

@inproceedings{CamLeh17,
    title = {Privacy-Preserving User-Auditable Pseudonym Systems.},
    author = {Jan Camenisch AND Anja Lehmann},
    booktitle = {Proc. of IEEE European Symposium on Security and Privacy},
    year = {2017},
    tnid = {6c2d8faff6},
    doi = {https://doi.org/10.1109/EuroSP.2017.36},
    pages = {269--284},
}

@inproceedings{GooKorMitTam+17,
    title = {Auditable Data Structures.},
    author = {Michael T. Goodrich AND Evgenios M. Kornaropoulos AND Michael Mitzenmacher AND Roberto Tamassia},
    booktitle = {Proc. of IEEE European Symposium on Security and Privacy},
    year = {2017},
    tnid = {f32a043d38},
    doi = {https://doi.org/10.1109/EuroSP.2017.46},
    pages = {285--300},
}

@inproceedings{BalCamDubLys+17,
    title = {Accumulators with Applications to Anonymity-Preserving Revocation.},
    author = {Foteini Baldimtsi AND Jan Camenisch AND Maria Dubovitskaya AND Anna Lysyanskaya AND Leonid Reyzin AND Kai Samelin AND Sophia Yakoubov},
    booktitle = {Proc. of IEEE European Symposium on Security and Privacy},
    year = {2017},
    tnid = {be22cd622a},
    doi = {https://doi.org/10.1109/EuroSP.2017.13},
    pages = {301--315},
}

@inproceedings{MerHubBuhNik+17,
    title = {Block Me If You Can: A Large-Scale Study of Tracker-Blocking Tools.},
    author = {Georg Merzdovnik AND Markus Huber AND Damjan Buhov AND Nick Nikiforakis AND Sebastian Neuner AND Martin Schmiedecker AND Edgar R. Weippl},
    booktitle = {Proc. of IEEE European Symposium on Security and Privacy},
    year = {2017},
    tnid = {b18b6b71be},
    doi = {https://doi.org/10.1109/EuroSP.2017.26},
    pages = {319--333},
}

@inproceedings{BacRieSkoSto+17,
    title = {Efficient and Flexible Discovery of PHP Application Vulnerabilities.},
    author = {Michael Backes AND Konrad Rieck AND Malte Skoruppa AND Ben Stock AND Fabian Yamaguchi},
    booktitle = {Proc. of IEEE European Symposium on Security and Privacy},
    year = {2017},
    tnid = {bd2c7ce580},
    doi = {https://doi.org/10.1109/EuroSP.2017.14},
    pages = {334--349},
}

@inproceedings{SudCarComDol+17,
    title = {Large-Scale Analysis & Detection of Authentication Cross-Site Request Forgeries.},
    author = {Avinash Sudhodanan AND Roberto Carbone AND Luca Compagna AND Nicolas Dolgin AND Alessandro Armando AND Umberto Morelli},
    booktitle = {Proc. of IEEE European Symposium on Security and Privacy},
    year = {2017},
    tnid = {b8813a73b2},
    doi = {https://doi.org/10.1109/EuroSP.2017.45},
    pages = {350--365},
}

@inproceedings{RogMorLiMon+17,
    title = {Revisiting Browser Security in the Modern Era: New Data-Only Attacks and Defenses.},
    author = {Roman Rogowski AND Micah Morton AND Forrest Li AND Fabian Monrose AND Kevin Z. Snow AND Michalis Polychronakis},
    booktitle = {Proc. of IEEE European Symposium on Security and Privacy},
    year = {2017},
    tnid = {ec0656ed8a},
    doi = {https://doi.org/10.1109/EuroSP.2017.39},
    pages = {366--381},
}

@inproceedings{LerZenRoe17,
    title = {Confidante: Usable Encrypted Email: A Case Study with Lawyers and Journalists.},
    author = {Ada Lerner AND Eric Zeng AND Franziska Roesner},
    booktitle = {Proc. of IEEE European Symposium on Security and Privacy},
    year = {2017},
    tnid = {d047dc075b},
    doi = {https://doi.org/10.1109/EuroSP.2017.41},
    pages = {385--400},
}

@inproceedings{TraAtlGeaHsu+17,
    title = {FairTest: Discovering Unwarranted Associations in Data-Driven Applications.},
    author = {Florian Tramèr AND Vaggelis Atlidakis AND Roxana Geambasu AND Daniel J. Hsu AND Jean-Pierre Hubaux AND Mathias Humbert AND Ari Juels AND Huang Lin},
    booktitle = {Proc. of IEEE European Symposium on Security and Privacy},
    year = {2017},
    tnid = {1ab4ad546b},
    doi = {https://doi.org/10.1109/EuroSP.2017.29},
    pages = {401--416},
}

@inproceedings{GebKoh17,
    title = {Internet Censorship in Thailand: User Practices and Potential Threats.},
    author = {Genevieve Gebhart AND Tadayoshi Kohno},
    booktitle = {Proc. of IEEE European Symposium on Security and Privacy},
    year = {2017},
    tnid = {03183e03de},
    doi = {https://doi.org/10.1109/EuroSP.2017.50},
    pages = {417--432},
}

@inproceedings{KobBhaBla17,
    title = {Automated Verification for Secure Messaging Protocols and Their Implementations: A Symbolic and Computational Approach.},
    author = {Nadim Kobeissi AND Karthikeyan Bhargavan AND Bruno Blanchet},
    booktitle = {Proc. of IEEE European Symposium on Security and Privacy},
    year = {2017},
    tnid = {7b2ed0b839},
    doi = {https://doi.org/10.1109/EuroSP.2017.38},
    pages = {435--450},
}

@inproceedings{CohCreDowGar+17,
    title = {A Formal Security Analysis of the Signal Messaging Protocol.},
    author = {Katriel Cohn-Gordon AND Cas J. F. Cremers AND Benjamin Dowling AND Luke Garratt AND Douglas Stebila},
    booktitle = {Proc. of IEEE European Symposium on Security and Privacy},
    year = {2017},
    tnid = {dac1018d2f},
    doi = {https://doi.org/10.1109/EuroSP.2017.27},
    pages = {451--466},
}

@inproceedings{CorFilFloGha+17,
    title = {Designing and Proving an EMV-Compliant Payment Protocol for Mobile Devices.},
    author = {Véronique Cortier AND Alicia Filipiak AND Jan Florent AND Said Gharout AND Jacques Traoré},
    booktitle = {Proc. of IEEE European Symposium on Security and Privacy},
    year = {2017},
    tnid = {199d6a447a},
    doi = {https://doi.org/10.1109/EuroSP.2017.19},
    pages = {467--480},
}

@inproceedings{BacBugSchSty+17,
    title = {ARTist: The Android Runtime Instrumentation and Security Toolkit.},
    author = {Michael Backes AND Sven Bugiel AND Oliver Schranz AND Philipp von Styp-Rekowsky AND Sebastian Weisgerber},
    booktitle = {Proc. of IEEE European Symposium on Security and Privacy},
    year = {2017},
    tnid = {943d785869},
    doi = {https://doi.org/10.1109/EuroSP.2017.43},
    pages = {481--495},
}

@inproceedings{OchBanDisBar+17,
    title = {Reasoning about Probabilistic Defense Mechanisms against Remote Attacks.},
    author = {Martín Ochoa AND Sebastian Banescu AND Cynthia Disenfeld AND Gilles Barthe AND Vijay Ganesh},
    booktitle = {Proc. of IEEE European Symposium on Security and Privacy},
    year = {2017},
    tnid = {52365a6d53},
    doi = {https://doi.org/10.1109/EuroSP.2017.30},
    pages = {499--513},
}

@inproceedings{CheBosGiu17,
    title = {CodeArmor: Virtualizing the Code Space to Counter Disclosure Attacks.},
    author = {Xi Chen AND Herbert Bos AND Cristiano Giuffrida},
    booktitle = {Proc. of IEEE European Symposium on Security and Privacy},
    year = {2017},
    tnid = {b1f1aaabc3},
    doi = {https://doi.org/10.1109/EuroSP.2017.17},
    pages = {514--529},
}

@inproceedings{JacKreSce17,
    title = {Symbolic Models for Isolated Execution Environments.},
    author = {Charlie Jacomme AND Steve Kremer AND Guillaume Scerri},
    booktitle = {Proc. of IEEE European Symposium on Security and Privacy},
    year = {2017},
    tnid = {e5dc1ae528},
    doi = {https://doi.org/10.1109/EuroSP.2017.16},
    pages = {530--545},
}

@inproceedings{ZhaDin17,
    title = {On the Effectiveness of Virtualization Based Memory Isolation on Multicore Platforms.},
    author = {Siqi Zhao AND Xuhua Ding},
    booktitle = {Proc. of IEEE European Symposium on Security and Privacy},
    year = {2017},
    tnid = {96ec7a52a0},
    doi = {https://doi.org/10.1109/EuroSP.2017.25},
    pages = {546--560},
}

@inproceedings{ThiSchSch17,
    title = {Outsmarting Network Security with SDN Teleportation.},
    author = {Kashyap Thimmaraju AND Liron Schiff AND Stefan Schmid},
    booktitle = {Proc. of IEEE European Symposium on Security and Privacy},
    year = {2017},
    tnid = {86ffaa1a46},
    doi = {https://doi.org/10.1109/EuroSP.2017.21},
    pages = {563--578},
}

@inproceedings{KorTajNorWul+17,
    title = {Reputation Metrics Design to Improve Intermediary Incentives for Security of TLDs.},
    author = {Maciej Korczynski AND Samaneh Tajalizadehkhoob AND Arman Noroozian AND Maarten Wullink AND Cristian Hesselman AND Michel van Eeten},
    booktitle = {Proc. of IEEE European Symposium on Security and Privacy},
    year = {2017},
    tnid = {77e5b23a9d},
    doi = {https://doi.org/10.1109/EuroSP.2017.15},
    pages = {579--594},
}

@inproceedings{HonChoKimKim+17,
    title = {When Cellular Networks Met IPv6: Security Problems of Middleboxes in IPv6 Cellular Networks.},
    author = {Hyunwook Hong AND Hyunwoo Choi AND Dongkwan Kim AND Hongil Kim AND Byeongdo Hong AND Jiseong Noh AND Yongdae Kim},
    booktitle = {Proc. of IEEE European Symposium on Security and Privacy},
    year = {2017},
    tnid = {451889e12c},
    doi = {https://doi.org/10.1109/EuroSP.2017.34},
    pages = {595--609},
}

@inproceedings{BhaBouFouOne+17,
    title = {Content delivery over TLS: a cryptographic analysis of keyless SSL.},
    author = {Karthikeyan Bhargavan AND Ioana Boureanu AND Pierre-Alain Fouque AND Cristina Onete AND Benjamin Richard},
    booktitle = {Proc. of IEEE European Symposium on Security and Privacy},
    year = {2017},
    tnid = {131e849c2c},
    doi = {https://doi.org/10.1109/EuroSP.2017.52},
    pages = {1--6},
}

@inproceedings{RonSha16,
    title = {Extended Functionality Attacks on IoT Devices: The Case of Smart Lights.},
    author = {Eyal Ronen AND Adi Shamir},
    booktitle = {Proc. of IEEE European Symposium on Security and Privacy},
    year = {2016},
    tnid = {6e5671937a},
    doi = {https://doi.org/10.1109/EuroSP.2016.13},
    pages = {3--12},
}

@inproceedings{SchBalPieSab+16a,
    title = {Explicit Secrecy: A Policy for Taint Tracking.},
    author = {Daniel Schoepe AND Musard Balliu AND Benjamin C. Pierce AND Andrei Sabelfeld},
    booktitle = {Proc. of IEEE European Symposium on Security and Privacy},
    year = {2016},
    tnid = {b5c60af29d},
    doi = {https://doi.org/10.1109/EuroSP.2016.14},
    pages = {15--30},
}

@inproceedings{ValEneBayAie+16,
    title = {Precisely Measuring Quantitative Information Flow: 10K Lines of Code and Beyond.},
    author = {Celina G. Val AND Michael A. Enescu AND Sam Bayless AND William Aiello AND Alan J. Hu},
    booktitle = {Proc. of IEEE European Symposium on Security and Privacy},
    year = {2016},
    tnid = {32ab638a27},
    doi = {https://doi.org/10.1109/EuroSP.2016.15},
    pages = {31--46},
}

@inproceedings{CalGriMaf16,
    title = {HornDroid: Practical and Sound Static Analysis of Android Applications by SMT Solving.},
    author = {Stefano Calzavara AND Ilya Grishchenko AND Matteo Maffei},
    booktitle = {Proc. of IEEE European Symposium on Security and Privacy},
    year = {2016},
    tnid = {8572e58564},
    doi = {https://doi.org/10.1109/EuroSP.2016.16},
    pages = {47--62},
}

@inproceedings{HahNitGilJoh+16,
    title = {Games without Frontiers: Investigating Video Games as a Covert Channel.},
    author = {Bridger Hahn AND Rishab Nithyanand AND Phillipa Gill AND Rob Johnson},
    booktitle = {Proc. of IEEE European Symposium on Security and Privacy},
    year = {2016},
    tnid = {bdfa95b6b0},
    doi = {https://doi.org/10.1109/EuroSP.2016.17},
    pages = {63--77},
}

@inproceedings{KraWee16,
    title = {The OPTLS Protocol and TLS 1.3.},
    author = {Hugo Krawczyk AND Hoeteck Wee},
    booktitle = {Proc. of IEEE European Symposium on Security and Privacy},
    year = {2016},
    tnid = {3132f92be8},
    doi = {https://doi.org/10.1109/EuroSP.2016.18},
    pages = {81--96},
}

@inproceedings{MauTorTru16,
    title = {A Class of Precomputation-Based Distance-Bounding Protocols.},
    author = {Sjouke Mauw AND Jorge Toro-Pozo AND Rolando Trujillo-Rasua},
    booktitle = {Proc. of IEEE European Symposium on Security and Privacy},
    year = {2016},
    tnid = {5d786fb016},
    doi = {https://doi.org/10.1109/EuroSP.2016.19},
    pages = {97--111},
}

@inproceedings{MooGupCarBut+16,
    title = {Frigate: A Validated, Extensible, and Efficient Compiler and Interpreter for Secure Computation.},
    author = {Benjamin Mood AND Debayan Gupta AND Henry Carter AND Kevin R. B. Butler AND Patrick Traynor},
    booktitle = {Proc. of IEEE European Symposium on Security and Privacy},
    year = {2016},
    tnid = {7f6c10f935},
    doi = {https://doi.org/10.1109/EuroSP.2016.20},
    pages = {112--127},
}

@inproceedings{WanWanMinJia+16,
    title = {Translingual Obfuscation.},
    author = {Pei Wang AND Shuai Wang AND Jiang Ming AND Yufei Jiang AND Dinghao Wu},
    booktitle = {Proc. of IEEE European Symposium on Security and Privacy},
    year = {2016},
    tnid = {9a62d7caec},
    doi = {https://doi.org/10.1109/EuroSP.2016.21},
    pages = {128--144},
}

@inproceedings{DevBirPie16,
    title = {Reasoning about Object Capabilities with Logical Relations and Effect Parametricity.},
    author = {Dominique Devriese AND Lars Birkedal AND Frank Piessens},
    booktitle = {Proc. of IEEE European Symposium on Security and Privacy},
    year = {2016},
    tnid = {322525a6cc},
    doi = {https://doi.org/10.1109/EuroSP.2016.22},
    pages = {147--162},
}

@inproceedings{GuaMarBas16,
    title = {Strong and Provably Secure Database Access Control.},
    author = {Marco Guarnieri AND Srdjan Marinovic AND David A. Basin},
    booktitle = {Proc. of IEEE European Symposium on Security and Privacy},
    year = {2016},
    tnid = {86fa951eb4},
    doi = {https://doi.org/10.1109/EuroSP.2016.23},
    pages = {163--178},
}

@inproceedings{GeTalPayJae+16,
    title = {Fine-Grained Control-Flow Integrity for Kernel Software.},
    author = {Xinyang Ge AND Nirupama Talele AND Mathias Payer AND Trent Jaeger},
    booktitle = {Proc. of IEEE European Symposium on Security and Privacy},
    year = {2016},
    tnid = {c1fac0f10c},
    doi = {https://doi.org/10.1109/EuroSP.2016.24},
    pages = {179--194},
}

@inproceedings{TsoTheLeaMar+16,
    title = {On the Inference of User Paths from Anonymized Mobility Data.},
    author = {Galini Tsoukaneri AND George Theodorakopoulos AND Hugh Leather AND Mahesh K. Marina},
    booktitle = {Proc. of IEEE European Symposium on Security and Privacy},
    year = {2016},
    tnid = {5ded6eeab4},
    doi = {https://doi.org/10.1109/EuroSP.2016.25},
    pages = {199--213},
}

@inproceedings{AnnSch16,
    title = {NavigaTor: Finding Faster Paths to Anonymity.},
    author = {Robert Annessi AND Martin Schmiedecker},
    booktitle = {Proc. of IEEE European Symposium on Security and Privacy},
    year = {2016},
    tnid = {1c704095d6},
    doi = {https://doi.org/10.1109/EuroSP.2016.26},
    pages = {214--226},
}

@inproceedings{KüsTru16,
    title = {Security Analysis of Re-Encryption RPC Mix Nets.},
    author = {Ralf Küsters AND Tomasz Truderung},
    booktitle = {Proc. of IEEE European Symposium on Security and Privacy},
    year = {2016},
    tnid = {52aebda02e},
    doi = {https://doi.org/10.1109/EuroSP.2016.27},
    pages = {227--242},
}

@inproceedings{BarPorSceWar+16,
    title = {Foundations of Hardware-Based Attested Computation and Application to SGX.},
    author = {Manuel Barbosa AND Bernardo Portela AND Guillaume Scerri AND Bogdan Warinschi},
    booktitle = {Proc. of IEEE European Symposium on Security and Privacy},
    year = {2016},
    tnid = {d5486d2eb8},
    doi = {https://doi.org/10.1109/EuroSP.2016.28},
    pages = {245--260},
}

@inproceedings{C.GirMen16,
    title = {Highly Efficient Algorithms for AES Key Retrieval in Cache Access Attacks.},
    author = {Ashokkumar C. AND Ravi Prakash Giri AND Bernard L. Menezes},
    booktitle = {Proc. of IEEE European Symposium on Security and Privacy},
    year = {2016},
    tnid = {de6d66278e},
    doi = {https://doi.org/10.1109/EuroSP.2016.29},
    pages = {261--275},
}

@inproceedings{JarKiaKraXu+16,
    title = {Highly-Efficient and Composable Password-Protected Secret Sharing (Or: How to Protect Your Bitcoin Wallet Online).},
    author = {Stanislaw Jarecki AND Aggelos Kiayias AND Hugo Krawczyk AND Jiayu Xu},
    booktitle = {Proc. of IEEE European Symposium on Security and Privacy},
    year = {2016},
    tnid = {afb22f2728},
    doi = {https://doi.org/10.1109/EuroSP.2016.30},
    pages = {276--291},
}

@inproceedings{BirDinKho16,
    title = {Argon2: New Generation of Memory-Hard Functions for Password Hashing and Other Applications.},
    author = {Alex Biryukov AND Daniel Dinu AND Dmitry Khovratovich},
    booktitle = {Proc. of IEEE European Symposium on Security and Privacy},
    year = {2016},
    tnid = {e3b79cc85a},
    doi = {https://doi.org/10.1109/EuroSP.2016.31},
    pages = {292--302},
}

@inproceedings{NayKumMilShi+16,
    title = {Stubborn Mining: Generalizing Selfish Mining and Combining with an Eclipse Attack.},
    author = {Kartik Nayak AND Srijan Kumar AND Andrew Miller AND Elaine Shi},
    booktitle = {Proc. of IEEE European Symposium on Security and Privacy},
    year = {2016},
    tnid = {1feab32020},
    doi = {https://doi.org/10.1109/EuroSP.2016.32},
    pages = {305--320},
}

@inproceedings{MaiMlaSch16,
    title = {Do Not Trust Me: Using Malicious IdPs for Analyzing and Attacking Single Sign-on.},
    author = {Christian Mainka AND Vladislav Mladenov AND Jörg Schwenk},
    booktitle = {Proc. of IEEE European Symposium on Security and Privacy},
    year = {2016},
    tnid = {1cb0a6aee3},
    doi = {https://doi.org/10.1109/EuroSP.2016.33},
    pages = {321--336},
}

@inproceedings{ZhaSunSunLou+16,
    title = {CacheKit: Evading Memory Introspection Using Cache Incoherence.},
    author = {Ning Zhang AND He Sun AND Kun Sun AND Wenjing Lou AND Yiwei Thomas Hou},
    booktitle = {Proc. of IEEE European Symposium on Security and Privacy},
    year = {2016},
    tnid = {b3f96db5b3},
    doi = {https://doi.org/10.1109/EuroSP.2016.34},
    pages = {337--352},
}

@inproceedings{GutRenMagMay+16,
    title = {ZeTA-Zero-Trust Authentication: Relying on Innate Human Ability, Not Technology.},
    author = {Andreas Gutmann AND Karen Renaud AND Joseph Maguire AND Peter Mayer AND Melanie Volkamer AND Kanta Matsuura AND Jörn Müller-Quade},
    booktitle = {Proc. of IEEE European Symposium on Security and Privacy},
    year = {2016},
    tnid = {ba7ef0b478},
    doi = {https://doi.org/10.1109/EuroSP.2016.35},
    pages = {357--371},
}

@inproceedings{PapMcDJhaFre+16,
    title = {The Limitations of Deep Learning in Adversarial Settings.},
    author = {Nicolas Papernot AND Patrick D. McDaniel AND Somesh Jha AND Matt Fredrikson AND Z. Berkay Celik AND Ananthram Swami},
    booktitle = {Proc. of IEEE European Symposium on Security and Privacy},
    year = {2016},
    tnid = {4b604ee031},
    doi = {https://doi.org/10.1109/EuroSP.2016.36},
    pages = {372--387},
}

@inproceedings{SivPolKer16,
    title = {I am Robot: (Deep) Learning to Break Semantic Image CAPTCHAs.},
    author = {Suphannee Sivakorn AND Iasonas Polakis AND Angelos D. Keromytis},
    booktitle = {Proc. of IEEE European Symposium on Security and Privacy},
    year = {2016},
    tnid = {b2a513731e},
    doi = {https://doi.org/10.1109/EuroSP.2016.37},
    pages = {388--403},
}

@inproceedings{SzaChuPer16,
    title = {PKI Safety Net (PKISN): Addressing the Too-Big-to-Be-Revoked Problem of the TLS Ecosystem.},
    author = {Pawel Szalachowski AND Laurent Chuat AND Adrian Perrig},
    booktitle = {Proc. of IEEE European Symposium on Security and Privacy},
    year = {2016},
    tnid = {9edb7a82b0},
    doi = {https://doi.org/10.1109/EuroSP.2016.38},
    pages = {407--422},
}

@inproceedings{FreElkRasFol+16,
    title = {It Bends But Would It Break? Topological Analysis of BGP Infrastructures in Europe.},
    author = {Sylvain Frey AND Yehia Elkhatib AND Awais Rashid AND Karolina Follis AND John Vidler AND Nicholas J. P. Race AND Christopher Edwards},
    booktitle = {Proc. of IEEE European Symposium on Security and Privacy},
    year = {2016},
    tnid = {1d2029a2f6},
    doi = {https://doi.org/10.1109/EuroSP.2016.39},
    pages = {423--438},
}

@inproceedings{TaySpoConMar+16,
    title = {AppScanner: Automatic Fingerprinting of Smartphone Apps from Encrypted Network Traffic.},
    author = {Vincent F. Taylor AND Riccardo Spolaor AND Mauro Conti AND Ivan Martinovic},
    booktitle = {Proc. of IEEE European Symposium on Security and Privacy},
    year = {2016},
    tnid = {c06a5089e3},
    doi = {https://doi.org/10.1109/EuroSP.2016.40},
    pages = {439--454},
}

@inproceedings{FroMaiBadBer+16,
    title = {How Secure is TextSecure?},
    author = {Tilman Frosch AND Christian Mainka AND Christoph Bader AND Florian Bergsma AND Jörg Schwenk AND Thorsten Holz},
    booktitle = {Proc. of IEEE European Symposium on Security and Privacy},
    year = {2016},
    tnid = {0dd7f5c62f},
    doi = {https://doi.org/10.1109/EuroSP.2016.41},
    pages = {457--472},
}

@inproceedings{KreRøn16,
    title = {To Du or Not to Du: A Security Analysis of Du-Vote.},
    author = {Steve Kremer AND Peter B. Rønne},
    booktitle = {Proc. of IEEE European Symposium on Security and Privacy},
    year = {2016},
    tnid = {16cca336b3},
    doi = {https://doi.org/10.1109/EuroSP.2016.42},
    pages = {473--486},
}

