@inproceedings{WanDuaSonYin+19,
    title = {Be Sensitive and Collaborative: Analyzing Impact of Coverage Metrics in Greybox Fuzzing.},
    author = {Jinghan Wang AND Yue Duan AND Wei Song AND Heng Yin AND Chengyu Song},
    booktitle = {Proc. of International Symposium on Research in Attacks, Intrusions and Defenses (RAID)},
    year = {2019},
    tnid = {2bc608affb},
    doi = {https://www.usenix.org/conference/raid2019/presentation/wang},
    pages = {1--15},
}

@inproceedings{EriQuaPra19,
    title = {On Design Inference from Binaries Compiled using Modern C++ Defenses.},
    author = {Rukayat Ayomide Erinfolami AND Anh Quach AND Aravind Prakash},
    booktitle = {Proc. of International Symposium on Research in Attacks, Intrusions and Defenses (RAID)},
    year = {2019},
    tnid = {bb39bfdb58},
    doi = {https://www.usenix.org/conference/raid2019/presentation/erinfolami},
    pages = {15--30},
}

@inproceedings{DavQiQuYin+19,
    title = {DECAF++: Elastic Whole-System Dynamic Taint Analysis.},
    author = {Ali Davanian AND Zhenxiao Qi AND Yu Qu AND Heng Yin},
    booktitle = {Proc. of International Symposium on Research in Attacks, Intrusions and Defenses (RAID)},
    year = {2019},
    tnid = {ccc88276fb},
    doi = {https://www.usenix.org/conference/raid2019/presentation/davanian},
    pages = {31--45},
}

@inproceedings{CheHouLiZho+19,
    title = {Towards a First Step to Understand the Cryptocurrency Stealing Attack on Ethereum.},
    author = {Zhen Cheng AND Xinrui Hou AND Runhuai Li AND Yajin Zhou AND Xiapu Luo AND Jinku Li AND Kui Ren},
    booktitle = {Proc. of International Symposium on Research in Attacks, Intrusions and Defenses (RAID)},
    year = {2019},
    tnid = {cecf3441d9},
    doi = {https://www.usenix.org/conference/raid2019/presentation/cheng},
    pages = {47--60},
}

@inproceedings{GhiGriDoe19,
    title = {Fingerprinting Tooling used for SSH Compromisation Attempts.},
    author = {Vincent Ghiëtte AND Harm Griffioen AND Christian Doerr},
    booktitle = {Proc. of International Symposium on Research in Attacks, Intrusions and Defenses (RAID)},
    year = {2019},
    tnid = {c5e5e64fa8},
    doi = {https://www.usenix.org/conference/raid2019/presentation/ghiette},
    pages = {61--71},
}

@inproceedings{LinNad19,
    title = {Timing Patterns and Correlations in Spontaneous SCADA Traffic for Anomaly Detection.},
    author = {Chih-Yuan Lin AND Simin Nadjm-Tehrani},
    booktitle = {Proc. of International Symposium on Research in Attacks, Intrusions and Defenses (RAID)},
    year = {2019},
    tnid = {e4eab82668},
    doi = {https://www.usenix.org/conference/raid2019/presentation/lin},
    pages = {73--88},
}

@inproceedings{KhaDalBakRob+19,
    title = {USBESAFE: An End-Point Solution to Protect Against USB-Based Attacks.},
    author = {Amin Kharraz AND Brandon L. Daley AND Graham Z. Baker AND William Robertson AND Engin Kirda},
    booktitle = {Proc. of International Symposium on Research in Attacks, Intrusions and Defenses (RAID)},
    year = {2019},
    tnid = {ea7da6d359},
    doi = {https://www.usenix.org/conference/raid2019/presentation/kharraz},
    pages = {89--103},
}

@inproceedings{ZhaZhaQinFen+19a,
    title = {Minimal Kernel: An Operating System Architecture for TEE to Resist Board Level Physical Attacks.},
    author = {Shijun Zhao AND Qianying Zhang AND Yu Qin AND Wei Feng AND Dengguo Feng},
    booktitle = {Proc. of International Symposium on Research in Attacks, Intrusions and Defenses (RAID)},
    year = {2019},
    tnid = {6dc6eadd91},
    doi = {https://www.usenix.org/conference/raid2019/presentation/zhao},
    pages = {105--120},
}

@inproceedings{TofLosBioZho+19,
    title = {ScaRR: Scalable Runtime Remote Attestation for Complex Systems.},
    author = {Flavio Toffalini AND Eleonora Losiouk AND Andrea Biondo AND Jianying Zhou AND Mauro Conti},
    booktitle = {Proc. of International Symposium on Research in Attacks, Intrusions and Defenses (RAID)},
    year = {2019},
    tnid = {27e5aedcb3},
    doi = {https://www.usenix.org/conference/raid2019/presentation/toffalini},
    pages = {121--134},
}

@inproceedings{GusMueSpeRed+19,
    title = {Toward the Analysis of Embedded Firmware through Automated Re-hosting.},
    author = {Eric Gustafson AND Marius Muench AND Chad Spensky AND Nilo Redini AND Aravind Machiry AND Yanick Fratantonio AND Davide Balzarotti AND Aurélien Francillon AND Yung Ryn Choe AND Christopher Kruegel AND Giovanni Vigna},
    booktitle = {Proc. of International Symposium on Research in Attacks, Intrusions and Defenses (RAID)},
    year = {2019},
    tnid = {9f1cabcca9},
    doi = {https://www.usenix.org/conference/raid2019/presentation/gustafson},
    pages = {135--150},
}

@inproceedings{ZhaCheDiaGuo+19,
    title = {CryptoREX: Large-scale Analysis of Cryptographic Misuse in IoT Devices.},
    author = {Li Zhang AND Jiongyi Chen AND Wenrui Diao AND Shanqing Guo AND Jian Weng AND Kehuan Zhang},
    booktitle = {Proc. of International Symposium on Research in Attacks, Intrusions and Defenses (RAID)},
    year = {2019},
    tnid = {41c7ea77e3},
    doi = {https://www.usenix.org/conference/raid2019/presentation/zhang-li},
    pages = {151--164},
}

@inproceedings{GhaChaBahBra+19,
    title = {PAtt: Physics-based Attestation of Control Systems.},
    author = {Hamid Reza Ghaeini AND Matthew Chan AND Raad Bahmani AND Ferdinand Brasser AND Luis Garcia AND Jianying Zhou AND Ahmad-Reza Sadeghi AND Nils Ole Tippenhauer AND Saman A. Zonouz},
    booktitle = {Proc. of International Symposium on Research in Attacks, Intrusions and Defenses (RAID)},
    year = {2019},
    tnid = {6cd5b584cc},
    doi = {https://www.usenix.org/conference/raid2019/presentation/ghaeini},
    pages = {165--180},
}

@inproceedings{AzaFarKamRos+19,
    title = {COMA: Communication and Obfuscation Management Architecture.},
    author = {Kimia Zamiri Azar AND Farnoud Farahmand AND Hadi Mardani Kamali AND Shervin Roshanisefat AND Houman Homayoun AND William Diehl AND Kris Gaj AND Avesta Sasan},
    booktitle = {Proc. of International Symposium on Research in Attacks, Intrusions and Defenses (RAID)},
    year = {2019},
    tnid = {c15dd06c88},
    doi = {https://www.usenix.org/conference/raid2019/presentation/azar},
    pages = {181--195},
}

@inproceedings{TopJiaSax19,
    title = {PRO-ORAM: Practical Read-Only Oblivious RAM.},
    author = {Shruti Tople AND Yaoqi Jia AND Prateek Saxena},
    booktitle = {Proc. of International Symposium on Research in Attacks, Intrusions and Defenses (RAID)},
    year = {2019},
    tnid = {d67664532c},
    doi = {https://www.usenix.org/conference/raid2019/presentation/tople},
    pages = {197--211},
}

@inproceedings{IacFraElo19,
    title = {The DUSTER Attack: Tor Onion Service Attribution Based on Flow Watermarking with Track Hiding.},
    author = {Alfonso Iacovazzi AND Daniel Frassinelli AND Yuval Elovici},
    booktitle = {Proc. of International Symposium on Research in Attacks, Intrusions and Defenses (RAID)},
    year = {2019},
    tnid = {b4a3e435c3},
    doi = {https://www.usenix.org/conference/raid2019/presentation/iacovazzi},
    pages = {213--225},
}

@inproceedings{SolIliIoaKou+19,
    title = {TALON: An Automated Framework for Cross-Device Tracking Detection.},
    author = {Konstantinos Solomos AND Panagiotis Ilia AND Sotiris Ioannidis AND Nicolas Kourtellis},
    booktitle = {Proc. of International Symposium on Research in Attacks, Intrusions and Defenses (RAID)},
    year = {2019},
    tnid = {7c48757ba5},
    doi = {https://www.usenix.org/conference/raid2019/presentation/solomos},
    pages = {227--241},
}

@inproceedings{SivBitSha19,
    title = {Analysis of Location Data Leakage in the Internet Traffic of Android-based Mobile Devices.},
    author = {Nir Sivan AND Ron Bitton AND Asaf Shabtai},
    booktitle = {Proc. of International Symposium on Research in Attacks, Intrusions and Defenses (RAID)},
    year = {2019},
    tnid = {aee8d9cfbe},
    doi = {https://www.usenix.org/conference/raid2019/presentation/sivan},
    pages = {243--260},
}

@inproceedings{DiaZhaZhaLi+19,
    title = {Kindness is a Risky Business: On the Usage of the Accessibility APIs in Android.},
    author = {Wenrui Diao AND Yue Zhang AND Li Zhang AND Zhou Li AND Fenghao Xu AND Xiaorui Pan AND Xiangyu Liu AND Jian Weng AND Kehuan Zhang AND XiaoFeng Wang},
    booktitle = {Proc. of International Symposium on Research in Attacks, Intrusions and Defenses (RAID)},
    year = {2019},
    tnid = {0c85fb9327},
    doi = {https://www.usenix.org/conference/raid2019/presentation/diao},
    pages = {261--275},
}

@inproceedings{DuaGaoHuYin+19,
    title = {Automatic Generation of Non-intrusive Updates for Third-Party Libraries in Android Applications.},
    author = {Yue Duan AND Lian Gao AND Jie Hu AND Heng Yin},
    booktitle = {Proc. of International Symposium on Research in Attacks, Intrusions and Defenses (RAID)},
    year = {2019},
    tnid = {64f567b076},
    doi = {https://www.usenix.org/conference/raid2019/presentation/duan},
    pages = {277--292},
}

@inproceedings{ZuoYanLiZen+19,
    title = {Exploiting the Inherent Limitation of L0 Adversarial Examples.},
    author = {Fei Zuo AND Bokai Yang AND Xiaopeng Li AND Qiang Zeng},
    booktitle = {Proc. of International Symposium on Research in Attacks, Intrusions and Defenses (RAID)},
    year = {2019},
    tnid = {cb5634c5c9},
    doi = {https://www.usenix.org/conference/raid2019/presentation/zuo},
    pages = {293--307},
}

@inproceedings{WanMaZhaLi+19,
    title = {NLP-EYE: Detecting Memory Corruptions via Semantic-Aware Memory Operation Function Identification.},
    author = {Jianqiang Wang AND Siqi Ma AND Yuanyuan Zhang AND Juanru Li AND Zheyu Ma AND Long Mai AND Tiancheng Chen AND Dawu Gu},
    booktitle = {Proc. of International Symposium on Research in Attacks, Intrusions and Defenses (RAID)},
    year = {2019},
    tnid = {e1af49b8d2},
    doi = {https://www.usenix.org/conference/raid2019/presentation/wang-0},
    pages = {309--321},
}

@inproceedings{AydYilYil19,
    title = {Robust Optimization-Based Watermarking Scheme for Sequential Data.},
    author = {Erman Ayday AND Emre Yilmaz AND Arif Yilmaz},
    booktitle = {Proc. of International Symposium on Research in Attacks, Intrusions and Defenses (RAID)},
    year = {2019},
    tnid = {e55b67fe02},
    doi = {https://www.usenix.org/conference/raid2019/presentation/ayday},
    pages = {323--336},
}

@inproceedings{ChuLiTanZhu+19,
    title = {Smart Malware that Uses Leaked Control Data of Robotic Applications: The Case of Raven-II Surgical Robots.},
    author = {Key-whan Chung AND Xiao Li AND Peicheng Tang AND Zeran Zhu AND Zbigniew T. Kalbarczyk AND Ravishankar K. Iyer AND Thenkurussi Kesavadas},
    booktitle = {Proc. of International Symposium on Research in Attacks, Intrusions and Defenses (RAID)},
    year = {2019},
    tnid = {6248e3a038},
    doi = {https://www.usenix.org/conference/raid2019/presentation/chung},
    pages = {337--351},
}

@inproceedings{WeiMaySchGru+19,
    title = {SGXJail: Defeating Enclave Malware via Confinement.},
    author = {Samuel Weiser AND Luca Mayr AND Michael Schwarz AND Daniel Gruss},
    booktitle = {Proc. of International Symposium on Research in Attacks, Intrusions and Defenses (RAID)},
    year = {2019},
    tnid = {020e73d47f},
    doi = {https://www.usenix.org/conference/raid2019/presentation/weiser},
    pages = {353--366},
}

@inproceedings{LiDuJohRic+19,
    title = {Fluorescence: Detecting Kernel-Resident Malware in Clouds.},
    author = {Richard Li AND Min Du AND David Johnson AND Robert Ricci AND Jacobus E. van der Merwe AND Eric Eide},
    booktitle = {Proc. of International Symposium on Research in Attacks, Intrusions and Defenses (RAID)},
    year = {2019},
    tnid = {1dc72081e9},
    doi = {https://www.usenix.org/conference/raid2019/presentation/li-richard},
    pages = {367--382},
}

@inproceedings{BarMirNik19,
    title = {Now You See It, Now You Don't: A Large-scale Analysis of Early Domain Deletions.},
    author = {Timothy Barron AND Najmeh Miramirkhani AND Nick Nikiforakis},
    booktitle = {Proc. of International Symposium on Research in Attacks, Intrusions and Defenses (RAID)},
    year = {2019},
    tnid = {44b7fa7ee4},
    doi = {https://www.usenix.org/conference/raid2019/presentation/barron},
    pages = {383--397},
}

@inproceedings{SunTonYanLiu+19,
    title = {HinDom: A Robust Malicious Domain Detection System based on Heterogeneous Information Network with Transductive Classification.},
    author = {Xiaoqing Sun AND Mingkai Tong AND Jiahai Yang AND Xinran Liu AND Heng Liu},
    booktitle = {Proc. of International Symposium on Research in Attacks, Intrusions and Defenses (RAID)},
    year = {2019},
    tnid = {56f4b0e86b},
    doi = {https://www.usenix.org/conference/raid2019/presentation/sun},
    pages = {399--412},
}

@inproceedings{ChiHasKoiSaw+19,
    title = {DomainScouter: Understanding the Risks of Deceptive IDNs.},
    author = {Daiki Chiba AND Ayako Akiyama Hasegawa AND Takashi Koide AND Yuta Sawabe AND Shigeki Goto AND Mitsuaki Akiyama},
    booktitle = {Proc. of International Symposium on Research in Attacks, Intrusions and Defenses (RAID)},
    year = {2019},
    tnid = {e9036bc70a},
    doi = {https://www.usenix.org/conference/raid2019/presentation/chiba},
    pages = {413--426},
}

@inproceedings{SonLiu19,
    title = {Dynamically Finding Minimal Eviction Sets Can Be Quicker Than You Think for Side-Channel Attacks against the LLC.},
    author = {Wei Song AND Peng Liu},
    booktitle = {Proc. of International Symposium on Research in Attacks, Intrusions and Defenses (RAID)},
    year = {2019},
    tnid = {fdf01dfbbc},
    doi = {https://www.usenix.org/conference/raid2019/presentation/song},
    pages = {427--442},
}

@inproceedings{WanZhaLin19,
    title = {Time and Order: Towards Automatically Identifying Side-Channel Vulnerabilities in Enclave Binaries.},
    author = {Wubing Wang AND Yinqian Zhang AND Zhiqiang Lin},
    booktitle = {Proc. of International Symposium on Research in Attacks, Intrusions and Defenses (RAID)},
    year = {2019},
    tnid = {40f6439a0c},
    doi = {https://www.usenix.org/conference/raid2019/presentation/wang-wubing},
    pages = {443--457},
}

@inproceedings{AbdMalQiaZhu+19,
    title = {Application level attacks on Connected Vehicle Protocols.},
    author = {Ahmed Abdo AND Sakib Md. Bin Malek AND Zhiyun Qian AND Qi Zhu AND Matthew Barth AND Nael B. Abu-Ghazaleh},
    booktitle = {Proc. of International Symposium on Research in Attacks, Intrusions and Defenses (RAID)},
    year = {2019},
    tnid = {ce384d3228},
    doi = {https://www.usenix.org/conference/raid2019/presentation/abdo},
    pages = {459--471},
}

@inproceedings{SabChoHuaKan+19,
    title = {S3: A DFW-based Scalable Security State Analysis Framework for Large-Scale Data Center Networks.},
    author = {Abdulhakim Sabur AND Ankur Chowdhary AND Dijiang Huang AND Myong H. Kang AND Anya Kim AND Alexander Velazquez},
    booktitle = {Proc. of International Symposium on Research in Attacks, Intrusions and Defenses (RAID)},
    year = {2019},
    tnid = {d6d409c894},
    doi = {https://www.usenix.org/conference/raid2019/presentation/sabur},
    pages = {473--485},
}

@inproceedings{LuoSheXiaWu+19,
    title = {Container-IMA: A privacy-preserving Integrity Measurement Architecture for Containers.},
    author = {Wu Luo AND Qingni Shen AND Yutang Xia AND Zhonghai Wu},
    booktitle = {Proc. of International Symposium on Research in Attacks, Intrusions and Defenses (RAID)},
    year = {2019},
    tnid = {743e867e94},
    doi = {https://www.usenix.org/conference/raid2019/presentation/luo},
    pages = {487--500},
}

@inproceedings{CaoYanSunLi+19,
    title = {Fingerprinting SDN Applications via Encrypted Control Traffic.},
    author = {Jiahao Cao AND Zijie Yang AND Kun Sun AND Qi Li AND Mingwei Xu AND Peiyi Han},
    booktitle = {Proc. of International Symposium on Research in Attacks, Intrusions and Defenses (RAID)},
    year = {2019},
    tnid = {25a29619e4},
    doi = {https://www.usenix.org/conference/raid2019/presentation/cao},
    pages = {501--515},
}

@inproceedings{NisBiaFra19,
    title = {Exploring Syscall-Based Semantics Reconstruction of Android Applications.},
    author = {Dario Nisi AND Antonio Bianchi AND Yanick Fratantonio},
    booktitle = {Proc. of International Symposium on Research in Attacks, Intrusions and Defenses (RAID)},
    year = {2019},
    tnid = {e0597435a6},
    doi = {https://www.usenix.org/conference/raid2019/presentation/nisi},
    pages = {517--531},
}

@inproceedings{YuaHuYuLiu+19,
    title = {Towards Large-Scale Hunting for Android Negative-Day Malware.},
    author = {Lun-Pin Yuan AND Wenjun Hu AND Ting Yu AND Peng Liu AND Sencun Zhu},
    booktitle = {Proc. of International Symposium on Research in Attacks, Intrusions and Defenses (RAID)},
    year = {2019},
    tnid = {48eebedc3c},
    doi = {https://www.usenix.org/conference/raid2019/presentation/yuan},
    pages = {533--545},
}

@inproceedings{AliSudCasIII+19,
    title = {DroidScraper: A Tool for Android In-Memory Object Recovery and Reconstruction.},
    author = {Aisha I. Ali-Gombe AND Sneha Sudhakaran AND Andrew Case AND Golden G. Richard III},
    booktitle = {Proc. of International Symposium on Research in Attacks, Intrusions and Defenses (RAID)},
    year = {2019},
    tnid = {5c1a8321ed},
    doi = {https://www.usenix.org/conference/raid2019/presentation/ali-gombe},
    pages = {547--559},
}

@inproceedings{SahCosEge18,
    title = {Proteus: Detecting Android Emulators from Instruction-Level Profiles.},
    author = {Onur Sahin AND Ayse K. Coskun AND Manuel Egele},
    booktitle = {Proc. of International Symposium on Research in Attacks, Intrusions and Defenses (RAID)},
    year = {2018},
    tnid = {a147747cce},
    doi = {https://doi.org/10.1007/978-3-030-00470-5_1},
    pages = {3--24},
}

@inproceedings{RizCavKin18,
    title = {BabelView: Evaluating the Impact of Code Injection Attacks in Mobile Webviews.},
    author = {Claudio Rizzo AND Lorenzo Cavallaro AND Johannes Kinder},
    booktitle = {Proc. of International Symposium on Research in Attacks, Intrusions and Defenses (RAID)},
    year = {2018},
    tnid = {47aa9b17c6},
    doi = {https://doi.org/10.1007/978-3-030-00470-5_2},
    pages = {25--46},
}

@inproceedings{TatGiuBosRaz+18,
    title = {Defeating Software Mitigations Against Rowhammer: A Surgical Precision Hammer.},
    author = {Andrei Tatar AND Cristiano Giuffrida AND Herbert Bos AND Kaveh Razavi},
    booktitle = {Proc. of International Symposium on Research in Attacks, Intrusions and Defenses (RAID)},
    year = {2018},
    tnid = {8f9dc099e3},
    doi = {https://doi.org/10.1007/978-3-030-00470-5_3},
    pages = {47--66},
}

@inproceedings{GasUllStrRie+18,
    title = {Reading Between the Lines: Content-Agnostic Detection of Spear-Phishing Emails.},
    author = {Hugo Gascon AND Steffen Ullrich AND Benjamin Stritter AND Konrad Rieck},
    booktitle = {Proc. of International Symposium on Research in Attacks, Intrusions and Defenses (RAID)},
    year = {2018},
    tnid = {fa889db1cb},
    doi = {https://doi.org/10.1007/978-3-030-00470-5_4},
    pages = {69--91},
}

@inproceedings{ThoFra18,
    title = {Backdoors: Definition, Deniability and Detection.},
    author = {Sam L. Thomas AND Aurélien Francillon},
    booktitle = {Proc. of International Symposium on Research in Attacks, Intrusions and Defenses (RAID)},
    year = {2018},
    tnid = {ebb7b72a51},
    doi = {https://doi.org/10.1007/978-3-030-00470-5_5},
    pages = {92--113},
}

@inproceedings{MehMudBer18,
    title = {RWGuard: A Real-Time Detection System Against Cryptographic Ransomware.},
    author = {Shagufta Mehnaz AND Anand Mudgerikar AND Elisa Bertino},
    booktitle = {Proc. of International Symposium on Research in Attacks, Intrusions and Defenses (RAID)},
    year = {2018},
    tnid = {3284f89e14},
    doi = {https://doi.org/10.1007/978-3-030-00470-5_6},
    pages = {114--136},
}

@inproceedings{BusRos18,
    title = {DNS Unchained: Amplified Application-Layer DoS Attacks Against DNS Authoritatives.},
    author = {Jonas Bushart AND Christian Rossow},
    booktitle = {Proc. of International Symposium on Research in Attacks, Intrusions and Defenses (RAID)},
    year = {2018},
    tnid = {6e59b85ab8},
    doi = {https://doi.org/10.1007/978-3-030-00470-5_7},
    pages = {139--160},
}

@inproceedings{ZhaLiXuBi+18,
    title = {Control Plane Reflection Attacks in SDNs: New Attacks and Countermeasures.},
    author = {Menghao Zhang AND Guanyu Li AND Lei Xu AND Jun Bi AND Guofei Gu AND Jiasong Bai},
    booktitle = {Proc. of International Symposium on Research in Attacks, Intrusions and Defenses (RAID)},
    year = {2018},
    tnid = {5c7b109401},
    doi = {https://doi.org/10.1007/978-3-030-00470-5_8},
    pages = {161--183},
}

@inproceedings{UllStiJudDab+18,
    title = {Proof-of-Blackouts? How Proof-of-Work Cryptocurrencies Could Affect Power Grids.},
    author = {Johanna Ullrich AND Nicholas Stifter AND Aljosha Judmayer AND Adrian Dabrowski AND Edgar R. Weippl},
    booktitle = {Proc. of International Symposium on Research in Attacks, Intrusions and Defenses (RAID)},
    year = {2018},
    tnid = {aac47e986e},
    doi = {https://doi.org/10.1007/978-3-030-00470-5_9},
    pages = {184--203},
}

@inproceedings{PasHutCaiBut+18,
    title = {Characterizing Eve: Analysing Cybercrime Actors in a Large Underground Forum.},
    author = {Sergio Pastrana AND Alice Hutchings AND Andrew Caines AND Paula Buttery},
    booktitle = {Proc. of International Symposium on Research in Attacks, Intrusions and Defenses (RAID)},
    year = {2018},
    tnid = {bd78fc3e2b},
    doi = {https://doi.org/10.1007/978-3-030-00470-5_10},
    pages = {207--227},
}

@inproceedings{WanZhaGon18,
    title = {SybilBlind: Detecting Fake Users in Online Social Networks Without Manual Labels.},
    author = {Binghui Wang AND Le Zhang AND Neil Zhenqiang Gong},
    booktitle = {Proc. of International Symposium on Research in Attacks, Intrusions and Defenses (RAID)},
    year = {2018},
    tnid = {17469887a2},
    doi = {https://doi.org/10.1007/978-3-030-00470-5_11},
    pages = {228--249},
}

@inproceedings{WooMir18,
    title = {GuidedPass: Helping Users to Create Strong and Memorable Passwords.},
    author = {Simon S. Woo AND Jelena Mirkovic},
    booktitle = {Proc. of International Symposium on Research in Attacks, Intrusions and Defenses (RAID)},
    year = {2018},
    tnid = {d67c081fae},
    doi = {https://doi.org/10.1007/978-3-030-00470-5_12},
    pages = {250--270},
}

@inproceedings{LiuDolGar18,
    title = {Fine-Pruning: Defending Against Backdooring Attacks on Deep Neural Networks.},
    author = {Kang Liu AND Brendan Dolan-Gavitt AND Siddharth Garg},
    booktitle = {Proc. of International Symposium on Research in Attacks, Intrusions and Defenses (RAID)},
    year = {2018},
    tnid = {85d32abf4e},
    doi = {https://doi.org/10.1007/978-3-030-00470-5_13},
    pages = {273--294},
}

@inproceedings{PerColYuCoc+18,
    title = {Dictionary Extraction and Detection of Algorithmically Generated Domain Names in Passive DNS Traffic.},
    author = {Mayana Pereira AND Shaun Coleman AND Bin Yu AND Martine De Cock AND Anderson C. A. Nascimento},
    booktitle = {Proc. of International Symposium on Research in Attacks, Intrusions and Defenses (RAID)},
    year = {2018},
    tnid = {005f089f7f},
    doi = {https://doi.org/10.1007/978-3-030-00470-5_14},
    pages = {295--314},
}

@inproceedings{PapHalAkrKor+18,
    title = {OTTer: A Scalable High-Resolution Encrypted Traffic Identification Engine.},
    author = {Eva Papadogiannaki AND Constantinos Halevidis AND Periklis Akritidis AND Lazaros Koromilas},
    booktitle = {Proc. of International Symposium on Research in Attacks, Intrusions and Defenses (RAID)},
    year = {2018},
    tnid = {c36063bc66},
    doi = {https://doi.org/10.1007/978-3-030-00470-5_15},
    pages = {315--334},
}

@inproceedings{BelMooShiHwa+18,
    title = {Hardware Assisted Randomization of Data.},
    author = {Brian Belleville AND Hyungon Moon AND Jangseop Shin AND Dongil Hwang AND Joseph M. Nash AND Seonhwa Jung AND Yeoul Na AND Stijn Volckaert AND Per Larsen AND Yunheung Paek AND Michael Franz},
    booktitle = {Proc. of International Symposium on Research in Attacks, Intrusions and Defenses (RAID)},
    year = {2018},
    tnid = {1921764cad},
    doi = {https://doi.org/10.1007/978-3-030-00470-5_16},
    pages = {337--358},
}

@inproceedings{MogRanDau18,
    title = {MicroStache: A Lightweight Execution Context for In-Process Safe Region Isolation.},
    author = {Lucian Mogosanu AND Ashay Rane AND Nathan Dautenhahn},
    booktitle = {Proc. of International Symposium on Research in Attacks, Intrusions and Defenses (RAID)},
    year = {2018},
    tnid = {47936dfb31},
    doi = {https://doi.org/10.1007/978-3-030-00470-5_17},
    pages = {359--379},
}

@inproceedings{CaoGuaZhaGao+18,
    title = {CryptMe: Data Leakage Prevention for Unmodified Programs on ARM Devices.},
    author = {Chen Cao AND Le Guan AND Ning Zhang AND Neng Gao AND Jingqiang Lin AND Bo Luo AND Peng Liu AND Ji Xiang AND Wenjing Lou},
    booktitle = {Proc. of International Symposium on Research in Attacks, Intrusions and Defenses (RAID)},
    year = {2018},
    tnid = {da29132852},
    doi = {https://doi.org/10.1007/978-3-030-00470-5_18},
    pages = {380--400},
}

@inproceedings{LetSonParLar+18,
    title = {PartiSan: Fast and Flexible Sanitization via Run-Time Partitioning.},
    author = {Julian Lettner AND Dokyung Song AND Taemin Park AND Per Larsen AND Stijn Volckaert AND Michael Franz},
    booktitle = {Proc. of International Symposium on Research in Attacks, Intrusions and Defenses (RAID)},
    year = {2018},
    tnid = {7413b6d451},
    doi = {https://doi.org/10.1007/978-3-030-00470-5_19},
    pages = {403--422},
}

@inproceedings{MunFisTanLin+18,
    title = {τCFI: Type-Assisted Control Flow Integrity for x86-64 Binaries.},
    author = {Paul Muntean AND Matthias Fischer AND Gang Tan AND Zhiqiang Lin AND Jens Grossklags AND Claudia Eckert},
    booktitle = {Proc. of International Symposium on Research in Attacks, Intrusions and Defenses (RAID)},
    year = {2018},
    tnid = {97f6edf907},
    doi = {https://doi.org/10.1007/978-3-030-00470-5_20},
    pages = {423--444},
}

@inproceedings{CriVigBruLan+18,
    title = {Trusted Execution Path for Protecting Java Applications Against Deserialization of Untrusted Data.},
    author = {Stefano Cristalli AND Edoardo Vignati AND Danilo Bruschi AND Andrea Lanzi},
    booktitle = {Proc. of International Symposium on Research in Attacks, Intrusions and Defenses (RAID)},
    year = {2018},
    tnid = {d785aa1e45},
    doi = {https://doi.org/10.1007/978-3-030-00470-5_21},
    pages = {445--464},
}

@inproceedings{ZhaJanGuSto+18,
    title = {Error-Sensor: Mining Information from HTTP Error Traffic for Malware Intelligence.},
    author = {Jialong Zhang AND Jiyong Jang AND Guofei Gu AND Marc Ph. Stoecklin AND Xin Hu},
    booktitle = {Proc. of International Symposium on Research in Attacks, Intrusions and Defenses (RAID)},
    year = {2018},
    tnid = {43b653fc36},
    doi = {https://doi.org/10.1007/978-3-030-00470-5_22},
    pages = {467--489},
}

@inproceedings{RosShaRokElo+18,
    title = {Generic Black-Box End-to-End Attack Against State of the Art API Call Based Malware Classifiers.},
    author = {Ishai Rosenberg AND Asaf Shabtai AND Lior Rokach AND Yuval Elovici},
    booktitle = {Proc. of International Symposium on Research in Attacks, Intrusions and Defenses (RAID)},
    year = {2018},
    tnid = {730eac7b71},
    doi = {https://doi.org/10.1007/978-3-030-00470-5_23},
    pages = {490--510},
}

@inproceedings{BöcVasMühKar+18,
    title = {Next Generation P2P Botnets: Monitoring Under Adverse Conditions.},
    author = {Leon Böck AND Emmanouil Vasilomanolakis AND Max Mühlhäuser AND Shankar Karuppayah},
    booktitle = {Proc. of International Symposium on Research in Attacks, Intrusions and Defenses (RAID)},
    year = {2018},
    tnid = {3923d2f808},
    doi = {https://doi.org/10.1007/978-3-030-00470-5_24},
    pages = {511--531},
}

@inproceedings{MorPfeSalBen+18,
    title = {Malicious IoT Implants: Tampering with Serial Communication over the Internet.},
    author = {Philipp Morgner AND Stefan Pfennig AND Dennis Salzner AND Zinaida Benenson},
    booktitle = {Proc. of International Symposium on Research in Attacks, Intrusions and Defenses (RAID)},
    year = {2018},
    tnid = {5423ea6e58},
    doi = {https://doi.org/10.1007/978-3-030-00470-5_25},
    pages = {535--555},
}

@inproceedings{VerShe18,
    title = {Before Toasters Rise Up: A View into the Emerging IoT Threat Landscape.},
    author = {Pierre-Antoine Vervier AND Yun Shen},
    booktitle = {Proc. of International Symposium on Research in Attacks, Intrusions and Defenses (RAID)},
    year = {2018},
    tnid = {626dc9593e},
    doi = {https://doi.org/10.1007/978-3-030-00470-5_26},
    pages = {556--576},
}

@inproceedings{YunHwaLeeAhn+18,
    title = {Statistical Similarity of Critical Infrastructure Network Traffic Based on Nearest Neighbor Distances.},
    author = {Jeong-Han Yun AND Yoonho Hwang AND Woomyo Lee AND Hee-Kap Ahn AND Sin-Kyu Kim},
    booktitle = {Proc. of International Symposium on Research in Attacks, Intrusions and Defenses (RAID)},
    year = {2018},
    tnid = {487ca74154},
    doi = {https://doi.org/10.1007/978-3-030-00470-5_27},
    pages = {577--599},
}

@inproceedings{MülMlaFelSch+18,
    title = {PostScript Undead: Pwning the Web with a 35 Years Old Language.},
    author = {Jens Müller AND Vladislav Mladenov AND Dennis Felsch AND Jörg Schwenk},
    booktitle = {Proc. of International Symposium on Research in Attacks, Intrusions and Defenses (RAID)},
    year = {2018},
    tnid = {0e1eea0117},
    doi = {https://doi.org/10.1007/978-3-030-00470-5_28},
    pages = {603--622},
}

@inproceedings{BreRos18a,
    title = {Identifying Key Leakage of Bitcoin Users.},
    author = {Michael Brengel AND Christian Rossow},
    booktitle = {Proc. of International Symposium on Research in Attacks, Intrusions and Defenses (RAID)},
    year = {2018},
    tnid = {315020e280},
    doi = {https://doi.org/10.1007/978-3-030-00470-5_29},
    pages = {623--643},
}

@inproceedings{BusRee18a,
    title = {Furnace: Self-service Tenant VMI for the Cloud.},
    author = {Micah Bushouse AND Douglas S. Reeves},
    booktitle = {Proc. of International Symposium on Research in Attacks, Intrusions and Defenses (RAID)},
    year = {2018},
    tnid = {a726c58b4e},
    doi = {https://doi.org/10.1007/978-3-030-00470-5_30},
    pages = {647--669},
}

@inproceedings{ShiCuiLiLiu+18,
    title = {ShadowMonitor: An Effective In-VM Monitoring Framework with Hardware-Enforced Isolation.},
    author = {Bin Shi AND Lei Cui AND Bo Li AND Xudong Liu AND Zhiyu Hao AND Haiying Shen},
    booktitle = {Proc. of International Symposium on Research in Attacks, Intrusions and Defenses (RAID)},
    year = {2018},
    tnid = {b7a311f63f},
    doi = {https://doi.org/10.1007/978-3-030-00470-5_31},
    pages = {670--690},
}

@inproceedings{ZhaCheNepLiu+18,
    title = {KASR: A Reliable and Practical Approach to Attack Surface Reduction of Commodity OS Kernels.},
    author = {Zhi Zhang AND Yueqiang Cheng AND Surya Nepal AND Dongxi Liu AND Qingni Shen AND Fethi A. Rabhi},
    booktitle = {Proc. of International Symposium on Research in Attacks, Intrusions and Defenses (RAID)},
    year = {2018},
    tnid = {b165ec3972},
    doi = {https://doi.org/10.1007/978-3-030-00470-5_32},
    pages = {691--710},
}

@inproceedings{MulMarAdi18,
    title = {A Cipher Class Based on Golden S-Boxes for Creating Clone-Resistant Identities.},
    author = {Saleh Mulhem AND Ayoub Mars AND Wael Adi},
    booktitle = {Proc. of International Symposium on Research in Attacks, Intrusions and Defenses (RAID)},
    year = {2018},
    tnid = {7223d8588a},
    doi = {https://doi.org/10.1007/978-3-030-12085-6_1},
    pages = {3--14},
}

@inproceedings{NajPre18,
    title = {A Secure and Efficient File System Access Control Mechanism (FlexFS).},
    author = {Jihane Najar AND Vassilis Prevelakis},
    booktitle = {Proc. of International Symposium on Research in Attacks, Intrusions and Defenses (RAID)},
    year = {2018},
    tnid = {48734103a9},
    doi = {https://doi.org/10.1007/978-3-030-12085-6_2},
    pages = {15--26},
}

@inproceedings{VatManTraSur+18,
    title = {Protecting Cloud-Based CIs: Covert Channel Vulnerabilities at the Resource Level.},
    author = {Tsvetoslava Vateva-Gurova AND Salman Manzoor AND Rubén Trapero AND Neeraj Suri},
    booktitle = {Proc. of International Symposium on Research in Attacks, Intrusions and Defenses (RAID)},
    year = {2018},
    tnid = {075aade938},
    doi = {https://doi.org/10.1007/978-3-030-12085-6_3},
    pages = {27--38},
}

@inproceedings{TarLeeKimWoo+18,
    title = {Detecting In-vehicle CAN Message Attacks Using Heuristics and RNNs.},
    author = {Shahroz Tariq AND Sangyup Lee AND Huy Kang Kim AND Simon S. Woo},
    booktitle = {Proc. of International Symposium on Research in Attacks, Intrusions and Defenses (RAID)},
    year = {2018},
    tnid = {58ae2b7487},
    doi = {https://doi.org/10.1007/978-3-030-12085-6_4},
    pages = {39--45},
}

@inproceedings{OzkSpr18,
    title = {A Questionnaire Model for Cybersecurity Maturity Assessment of Critical Infrastructures.},
    author = {Bilge Yigit Ozkan AND Marco Spruit},
    booktitle = {Proc. of International Symposium on Research in Attacks, Intrusions and Defenses (RAID)},
    year = {2018},
    tnid = {09902e465f},
    doi = {https://doi.org/10.1007/978-3-030-12085-6_5},
    pages = {49--60},
}

@inproceedings{ManVatTraSur+18,
    title = {Threat Modeling the Cloud: An Ontology Based Approach.},
    author = {Salman Manzoor AND Tsvetoslava Vateva-Gurova AND Rubén Trapero AND Neeraj Suri},
    booktitle = {Proc. of International Symposium on Research in Attacks, Intrusions and Defenses (RAID)},
    year = {2018},
    tnid = {f8cf2b205a},
    doi = {https://doi.org/10.1007/978-3-030-12085-6_6},
    pages = {61--72},
}

@inproceedings{SolIliIoaKou+18,
    title = {Automated Measurements of Cross-Device Tracking.},
    author = {Konstantinos Solomos AND Panagiotis Ilia AND Sotiris Ioannidis AND Nicolas Kourtellis},
    booktitle = {Proc. of International Symposium on Research in Attacks, Intrusions and Defenses (RAID)},
    year = {2018},
    tnid = {413695ce13},
    doi = {https://doi.org/10.1007/978-3-030-12085-6_7},
    pages = {73--80},
}

@inproceedings{KorPapMar18,
    title = {Incognitus: Privacy-Preserving User Interests in Online Social Networks.},
    author = {Alexandros Kornilakis AND Panagiotis Papadopoulos AND Evangelos P. Markatos},
    booktitle = {Proc. of International Symposium on Research in Attacks, Intrusions and Defenses (RAID)},
    year = {2018},
    tnid = {ca28ddb870},
    doi = {https://doi.org/10.1007/978-3-030-12085-6_8},
    pages = {81--95},
}

@inproceedings{CopKasKeiMur+18,
    title = {Deep Ahead-of-Threat Virtual Patching.},
    author = {Fady Copty AND Andre Kassis AND Sharon Keidar-Barner AND Dov Murik},
    booktitle = {Proc. of International Symposium on Research in Attacks, Intrusions and Defenses (RAID)},
    year = {2018},
    tnid = {d9bd9809a5},
    doi = {https://doi.org/10.1007/978-3-030-12085-6_9},
    pages = {99--109},
}

@inproceedings{SzéCol18,
    title = {Malware Clustering Based on Called API During Runtime.},
    author = {Gergo János Széles AND Adrian Colesa},
    booktitle = {Proc. of International Symposium on Research in Attacks, Intrusions and Defenses (RAID)},
    year = {2018},
    tnid = {2ceaddd229},
    doi = {https://doi.org/10.1007/978-3-030-12085-6_10},
    pages = {110--121},
}

@inproceedings{HatFysAskBil+18,
    title = {CloudNet Anti-malware Engine: GPU-Accelerated Network Monitoring for Cloud Services.},
    author = {George Hatzivasilis AND Konstantinos Fysarakis AND Ioannis G. Askoxylakis AND Alexander Bilanakos},
    booktitle = {Proc. of International Symposium on Research in Attacks, Intrusions and Defenses (RAID)},
    year = {2018},
    tnid = {c4ebb66b1c},
    doi = {https://doi.org/10.1007/978-3-030-12085-6_11},
    pages = {122--133},
}

@inproceedings{MihOpr18,
    title = {Full Content Search in Malware Collections.},
    author = {Andrei Mihalca AND Ciprian Oprisa},
    booktitle = {Proc. of International Symposium on Research in Attacks, Intrusions and Defenses (RAID)},
    year = {2018},
    tnid = {7515baf3aa},
    doi = {https://doi.org/10.1007/978-3-030-12085-6_12},
    pages = {134--145},
}

@inproceedings{HenYinJinHan+17,
    title = {VDF: Targeted Evolutionary Fuzz Testing of Virtual Devices.},
    author = {Andrew Henderson AND Heng Yin AND Guang Jin AND Hao Han AND Hongmei Deng},
    booktitle = {Proc. of International Symposium on Research in Attacks, Intrusions and Defenses (RAID)},
    year = {2017},
    tnid = {3c86144887},
    doi = {https://doi.org/10.1007/978-3-319-66332-6_1},
    pages = {3--25},
}

@inproceedings{ShaLeuFieThi+17,
    title = {Static Program Analysis as a Fuzzing Aid.},
    author = {Bhargava Shastry AND Markus Leutner AND Tobias Fiebig AND Kashyap Thimmaraju AND Fabian Yamaguchi AND Konrad Rieck AND Stefan Schmid AND Jean-Pierre Seifert AND Anja Feldmann},
    booktitle = {Proc. of International Symposium on Research in Attacks, Intrusions and Defenses (RAID)},
    year = {2017},
    tnid = {c268b731ff},
    doi = {https://doi.org/10.1007/978-3-319-66332-6_2},
    pages = {26--47},
}

@inproceedings{FerClaSpiPat+17,
    title = {Breaking Fitness Records Without Moving: Reverse Engineering and Spoofing Fitbit.},
    author = {Hossein Fereidooni AND Jiska Classen AND Tom Spink AND Paul Patras AND Markus Miettinen AND Ahmad-Reza Sadeghi AND Matthias Hollick AND Mauro Conti},
    booktitle = {Proc. of International Symposium on Research in Attacks, Intrusions and Defenses (RAID)},
    year = {2017},
    tnid = {45add4d57b},
    doi = {https://doi.org/10.1007/978-3-319-66332-6_3},
    pages = {48--69},
}

@inproceedings{BuyOprLiRob+17,
    title = {Lens on the Endpoint: Hunting for Malicious Software Through Endpoint Data Analysis.},
    author = {Ahmet Salih Buyukkayhan AND Alina Oprea AND Zhou Li AND William K. Robertson},
    booktitle = {Proc. of International Symposium on Research in Attacks, Intrusions and Defenses (RAID)},
    year = {2017},
    tnid = {c853e3c1c7},
    doi = {https://doi.org/10.1007/978-3-319-66332-6_4},
    pages = {73--97},
}

@inproceedings{KhaKir17,
    title = {Redemption: Real-Time Protection Against Ransomware at End-Hosts.},
    author = {Amin Kharraz AND Engin Kirda},
    booktitle = {Proc. of International Symposium on Research in Attacks, Intrusions and Defenses (RAID)},
    year = {2017},
    tnid = {4c48330ac3},
    doi = {https://doi.org/10.1007/978-3-319-66332-6_5},
    pages = {98--119},
}

@inproceedings{BeaChiBac17,
    title = {ILAB: An Interactive Labelling Strategy for Intrusion Detection.},
    author = {Anaël Beaugnon AND Pierre Chifflier AND Francis Bach},
    booktitle = {Proc. of International Symposium on Research in Attacks, Intrusions and Defenses (RAID)},
    year = {2017},
    tnid = {eb50faa50f},
    doi = {https://doi.org/10.1007/978-3-319-66332-6_6},
    pages = {120--140},
}

@inproceedings{YanMenZhaGu+17,
    title = {Precisely and Scalably Vetting JavaScript Bridge in Android Hybrid Apps.},
    author = {Guangliang Yang AND Abner Mendoza AND Jialong Zhang AND Guofei Gu},
    booktitle = {Proc. of International Symposium on Research in Attacks, Intrusions and Defenses (RAID)},
    year = {2017},
    tnid = {a5cf753f3f},
    doi = {https://doi.org/10.1007/978-3-319-66332-6_7},
    pages = {143--166},
}

@inproceedings{CheLiMaWan+17,
    title = {Filtering for Malice Through the Data Ocean: Large-Scale PHA Install Detection at the Communication Service Provider Level.},
    author = {Kai Chen AND Tongxin Li AND Bin Ma AND Peng Wang AND XiaoFeng Wang AND Peiyuan Zong},
    booktitle = {Proc. of International Symposium on Research in Attacks, Intrusions and Defenses (RAID)},
    year = {2017},
    tnid = {e3557ab5cb},
    doi = {https://doi.org/10.1007/978-3-319-66332-6_8},
    pages = {167--191},
}

@inproceedings{LiJanHuOu+17,
    title = {Android Malware Clustering Through Malicious Payload Mining.},
    author = {Yuping Li AND Jiyong Jang AND Xin Hu AND Xinming Ou},
    booktitle = {Proc. of International Symposium on Research in Attacks, Intrusions and Defenses (RAID)},
    year = {2017},
    tnid = {935e5c3519},
    doi = {https://doi.org/10.1007/978-3-319-66332-6_9},
    pages = {192--214},
}

@inproceedings{KawShiOtsIwa+17,
    title = {Stealth Loader: Trace-Free Program Loading for API Obfuscation.},
    author = {Yuhei Kawakoya AND Eitaro Shioji AND Yuto Otsuki AND Makoto Iwamura AND Takeshi Yada},
    booktitle = {Proc. of International Symposium on Research in Attacks, Intrusions and Defenses (RAID)},
    year = {2017},
    tnid = {68f6864b1b},
    doi = {https://doi.org/10.1007/978-3-319-66332-6_10},
    pages = {217--237},
}

@inproceedings{GenAriSulLie+17,
    title = {LAZARUS: Practical Side-Channel Resilient Kernel-Space Randomization.},
    author = {David Gens AND Orlando Arias AND Dean Sullivan AND Christopher Liebchen AND Yier Jin AND Ahmad-Reza Sadeghi},
    booktitle = {Proc. of International Symposium on Research in Attacks, Intrusions and Defenses (RAID)},
    year = {2017},
    tnid = {83cf203493},
    doi = {https://doi.org/10.1007/978-3-319-66332-6_11},
    pages = {238--258},
}

@inproceedings{NymEkbDavAso+17,
    title = {CFI CaRE: Hardware-Supported Call and Return Enforcement for Commercial Microcontrollers.},
    author = {Thomas Nyman AND Jan-Erik Ekberg AND Lucas Davi AND N. Asokan},
    booktitle = {Proc. of International Symposium on Research in Attacks, Intrusions and Defenses (RAID)},
    year = {2017},
    tnid = {63a2564d74},
    doi = {https://doi.org/10.1007/978-3-319-66332-6_12},
    pages = {259--284},
}

@inproceedings{TahHuzDasAhm+17,
    title = {Mining on Someone Else's Dime: Mitigating Covert Mining Operations in Clouds and Enterprises.},
    author = {Rashid Tahir AND Muhammad Huzaifa AND Anupam Das AND Mohammad Ahmad AND Carl A. Gunter AND Fareed Zaffar AND Matthew Caesar AND Nikita Borisov},
    booktitle = {Proc. of International Symposium on Research in Attacks, Intrusions and Defenses (RAID)},
    year = {2017},
    tnid = {ea554a9611},
    doi = {https://doi.org/10.1007/978-3-319-66332-6_13},
    pages = {287--310},
}

@inproceedings{JerBuNitOkh+17,
    title = {BEADS: Automated Attack Discovery in OpenFlow-Based SDN Systems.},
    author = {Samuel Jero AND Xiangyu Bu AND Cristina Nita-Rotaru AND Hamed Okhravi AND Richard Skowyra AND Sonia Fahmy},
    booktitle = {Proc. of International Symposium on Research in Attacks, Intrusions and Defenses (RAID)},
    year = {2017},
    tnid = {cd90aa1e32},
    doi = {https://doi.org/10.1007/978-3-319-66332-6_14},
    pages = {311--333},
}

@inproceedings{AlePat17,
    title = {Trapped by the UI: The Android Case.},
    author = {Efthimios Alepis AND Constantinos Patsakis},
    booktitle = {Proc. of International Symposium on Research in Attacks, Intrusions and Defenses (RAID)},
    year = {2017},
    tnid = {d940f22121},
    doi = {https://doi.org/10.1007/978-3-319-66332-6_15},
    pages = {334--354},
}

@inproceedings{FuBauQuiLin+17,
    title = {Sgx-Lapd: Thwarting Controlled Side Channel Attacks via Enclave Verifiable Page Faults.},
    author = {Yangchun Fu AND Erick Bauman AND Raul Quinonez AND Zhiqiang Lin},
    booktitle = {Proc. of International Symposium on Research in Attacks, Intrusions and Defenses (RAID)},
    year = {2017},
    tnid = {1522252770},
    doi = {https://doi.org/10.1007/978-3-319-66332-6_16},
    pages = {357--380},
}

@inproceedings{CheKhaWan17,
    title = {Secure In-Cache Execution.},
    author = {Yue Chen AND Mustakimur Khandaker AND Zhi Wang},
    booktitle = {Proc. of International Symposium on Research in Attacks, Intrusions and Defenses (RAID)},
    year = {2017},
    tnid = {ccac6476e3},
    doi = {https://doi.org/10.1007/978-3-319-66332-6_17},
    pages = {381--402},
}

@inproceedings{LeaZhaWei17,
    title = {Scotch: Combining Software Guard Extensions and System Management Mode to Monitor Cloud Resource Usage.},
    author = {Kevin Leach AND Fengwei Zhang AND Westley Weimer},
    booktitle = {Proc. of International Symposium on Research in Attacks, Intrusions and Defenses (RAID)},
    year = {2017},
    tnid = {c5c9b54ee1},
    doi = {https://doi.org/10.1007/978-3-319-66332-6_18},
    pages = {403--424},
}

@inproceedings{KruKarRosMcC+17,
    title = {Linking Amplification DDoS Attacks to Booter Services.},
    author = {Johannes Krupp AND Mohammad Karami AND Christian Rossow AND Damon McCoy AND Michael Backes},
    booktitle = {Proc. of International Symposium on Research in Attacks, Intrusions and Defenses (RAID)},
    year = {2017},
    tnid = {8d9b540905},
    doi = {https://doi.org/10.1007/978-3-319-66332-6_19},
    pages = {427--449},
}

@inproceedings{ElsFleStaKap+17,
    title = {Practical and Accurate Runtime Application Protection Against DoS Attacks.},
    author = {Mohamed Elsabagh AND Dan Fleck AND Angelos Stavrou AND Michael Kaplan AND Thomas Bowen},
    booktitle = {Proc. of International Symposium on Research in Attacks, Intrusions and Defenses (RAID)},
    year = {2017},
    tnid = {7daa5a707a},
    doi = {https://doi.org/10.1007/978-3-319-66332-6_20},
    pages = {450--471},
}

@inproceedings{VisSpoAgtJum+17,
    title = {Exploring the Ecosystem of Malicious Domain Registrations in the .eu TLD.},
    author = {Thomas Vissers AND Jan Spooren AND Pieter Agten AND Dirk Jumpertz AND Peter Janssen AND Marc Van Wesemael AND Frank Piessens AND Wouter Joosen AND Lieven Desmet},
    booktitle = {Proc. of International Symposium on Research in Attacks, Intrusions and Defenses (RAID)},
    year = {2017},
    tnid = {540f84d561},
    doi = {https://doi.org/10.1007/978-3-319-66332-6_21},
    pages = {472--493},
}

@inproceedings{KorVasAthIoa+16,
    title = {GRIM: Leveraging GPUs for Kernel Integrity Monitoring.},
    author = {Lazaros Koromilas AND Giorgos Vasiliadis AND Elias Athanasopoulos AND Sotiris Ioannidis},
    booktitle = {Proc. of International Symposium on Research in Attacks, Intrusions and Defenses (RAID)},
    year = {2016},
    tnid = {b5068bae48},
    doi = {https://doi.org/10.1007/978-3-319-45719-2_1},
    pages = {3--23},
}

@inproceedings{MuePagShoKru+16,
    title = {Taming Transactions: Towards Hardware-Assisted Control Flow Integrity Using Transactional Memory.},
    author = {Marius Muench AND Fabio Pagani AND Yan Shoshitaishvili AND Christopher Kruegel AND Giovanni Vigna AND Davide Balzarotti},
    booktitle = {Proc. of International Symposium on Research in Attacks, Intrusions and Defenses (RAID)},
    year = {2016},
    tnid = {a3890c3049},
    doi = {https://doi.org/10.1007/978-3-319-45719-2_2},
    pages = {24--48},
}

@inproceedings{ZenFuLin16,
    title = {Automatic Uncovering of Tap Points from Kernel Executions.},
    author = {Junyuan Zeng AND Yangchun Fu AND Zhiqiang Lin},
    booktitle = {Proc. of International Symposium on Research in Attacks, Intrusions and Defenses (RAID)},
    year = {2016},
    tnid = {4abac1eae2},
    doi = {https://doi.org/10.1007/978-3-319-45719-2_3},
    pages = {49--70},
}

@inproceedings{FuRheLinLi+16,
    title = {Detecting Stack Layout Corruptions with Robust Stack Unwinding.},
    author = {Yangchun Fu AND Junghwan Rhee AND Zhiqiang Lin AND Zhichun Li AND Hui Zhang AND Guofei Jiang},
    booktitle = {Proc. of International Symposium on Research in Attacks, Intrusions and Defenses (RAID)},
    year = {2016},
    tnid = {66b9006d02},
    doi = {https://doi.org/10.1007/978-3-319-45719-2_4},
    pages = {71--94},
}

@inproceedings{BozFocPalSte+16,
    title = {APDU-Level Attacks in PKCS#11 Devices.},
    author = {Claudio Bozzato AND Riccardo Focardi AND Francesco Palmarini AND Graham Steel},
    booktitle = {Proc. of International Symposium on Research in Attacks, Intrusions and Defenses (RAID)},
    year = {2016},
    tnid = {8ceb8aee9e},
    doi = {https://doi.org/10.1007/978-3-319-45719-2_5},
    pages = {97--117},
}

@inproceedings{ZhaZhaLee16,
    title = {CloudRadar: A Real-Time Side-Channel Attack Detection System in Clouds.},
    author = {Tianwei Zhang AND Yinqian Zhang AND Ruby B. Lee},
    booktitle = {Proc. of International Symposium on Research in Attacks, Intrusions and Defenses (RAID)},
    year = {2016},
    tnid = {46639a1eae},
    doi = {https://doi.org/10.1007/978-3-319-45719-2_6},
    pages = {118--140},
}

@inproceedings{ThoAmiBenFol+16,
    title = {The Abuse Sharing Economy: Understanding the Limits of Threat Exchanges.},
    author = {Kurt Thomas AND Rony Amira AND Adi Ben-Yoash AND Ori Folger AND Amir Hardon AND Ari Berger AND Elie Bursztein AND Michael Bailey},
    booktitle = {Proc. of International Symposium on Research in Attacks, Intrusions and Defenses (RAID)},
    year = {2016},
    tnid = {dc3d1d3ff7},
    doi = {https://doi.org/10.1007/978-3-319-45719-2_7},
    pages = {143--164},
}

@inproceedings{YokIshTanPap+16,
    title = {SandPrint: Fingerprinting Malware Sandboxes to Provide Intelligence for Sandbox Evasion.},
    author = {Akira Yokoyama AND Kou Ishii AND Rui Tanabe AND Yinmin Papa AND Katsunari Yoshioka AND Tsutomu Matsumoto AND Takahiro Kasama AND Daisuke Inoue AND Michael Brengel AND Michael Backes AND Christian Rossow},
    booktitle = {Proc. of International Symposium on Research in Attacks, Intrusions and Defenses (RAID)},
    year = {2016},
    tnid = {3673f65ac6},
    doi = {https://doi.org/10.1007/978-3-319-45719-2_8},
    pages = {165--187},
}

@inproceedings{KouKinLevChe+16,
    title = {Enabling Network Security Through Active DNS Datasets.},
    author = {Athanasios Kountouras AND Panagiotis Kintis AND Chaz Lever AND Yizheng Chen AND Yacin Nadji AND David Dagon AND Manos Antonakakis AND Rodney Joffe},
    booktitle = {Proc. of International Symposium on Research in Attacks, Intrusions and Defenses (RAID)},
    year = {2016},
    tnid = {8dc3ba8d81},
    doi = {https://doi.org/10.1007/978-3-319-45719-2_9},
    pages = {188--208},
}

@inproceedings{BlaKaiYen16,
    title = {A Formal Framework for Environmentally Sensitive Malware.},
    author = {Jeremy Blackthorne AND Benjamin Kaiser AND Bülent Yener},
    booktitle = {Proc. of International Symposium on Research in Attacks, Intrusions and Defenses (RAID)},
    year = {2016},
    tnid = {803969e8de},
    doi = {https://doi.org/10.1007/978-3-319-45719-2_10},
    pages = {211--229},
}

@inproceedings{SebRivKotCab+16,
    title = {AVclass: A Tool for Massive Malware Labeling.},
    author = {Marcos Sebastián AND Richard Rivera AND Platon Kotzias AND Juan Caballero},
    booktitle = {Proc. of International Symposium on Research in Attacks, Intrusions and Defenses (RAID)},
    year = {2016},
    tnid = {e68cc1dab7},
    doi = {https://doi.org/10.1007/978-3-319-45719-2_11},
    pages = {230--253},
}

@inproceedings{HuPraWanZho+16,
    title = {Semantics-Preserving Dissection of JavaScript Exploits via Dynamic JS-Binary Analysis.},
    author = {Xunchao Hu AND Aravind Prakash AND Jinghan Wang AND Rundong Zhou AND Yao Cheng AND Heng Yin},
    booktitle = {Proc. of International Symposium on Research in Attacks, Intrusions and Defenses (RAID)},
    year = {2016},
    tnid = {bdd4e9efe7},
    doi = {https://doi.org/10.1007/978-3-319-45719-2_12},
    pages = {254--276},
}

@inproceedings{DabPetWei16,
    title = {The Messenger Shoots Back: Network Operator Based IMSI Catcher Detection.},
    author = {Adrian Dabrowski AND Georg Petzl AND Edgar R. Weippl},
    booktitle = {Proc. of International Symposium on Research in Attacks, Intrusions and Defenses (RAID)},
    year = {2016},
    tnid = {e1ccbfc9a1},
    doi = {https://doi.org/10.1007/978-3-319-45719-2_13},
    pages = {279--302},
}

@inproceedings{BacHolRosRyt+16,
    title = {On the Feasibility of TTL-Based Filtering for DRDoS Mitigation.},
    author = {Michael Backes AND Thorsten Holz AND Christian Rossow AND Teemu Rytilahti AND Milivoj Simeonovski AND Ben Stock},
    booktitle = {Proc. of International Symposium on Research in Attacks, Intrusions and Defenses (RAID)},
    year = {2016},
    tnid = {c84dff0e7e},
    doi = {https://doi.org/10.1007/978-3-319-45719-2_14},
    pages = {303--322},
}

@inproceedings{CalTapCab16,
    title = {A Look into 30 Years of Malware Development from a Software Metrics Perspective.},
    author = {Alejandro Calleja AND Juan E. Tapiador AND Juan Caballero},
    booktitle = {Proc. of International Symposium on Research in Attacks, Intrusions and Defenses (RAID)},
    year = {2016},
    tnid = {141667d459},
    doi = {https://doi.org/10.1007/978-3-319-45719-2_15},
    pages = {325--345},
}

@inproceedings{ZhaGad16,
    title = {Small Changes, Big Changes: An Updated View on the Android Permission System.},
    author = {Yury Zhauniarovich AND Olga Gadyatskaya},
    booktitle = {Proc. of International Symposium on Research in Attacks, Intrusions and Defenses (RAID)},
    year = {2016},
    tnid = {1d476013f1},
    doi = {https://doi.org/10.1007/978-3-319-45719-2_16},
    pages = {346--367},
}

@inproceedings{NorKorGañMak+16,
    title = {Who Gets the Boot? Analyzing Victimization by DDoS-as-a-Service.},
    author = {Arman Noroozian AND Maciej Korczynski AND Carlos Hernandez Gañán AND Daisuke Makita AND Katsunari Yoshioka AND Michel van Eeten},
    booktitle = {Proc. of International Symposium on Research in Attacks, Intrusions and Defenses (RAID)},
    year = {2016},
    tnid = {e1bd8684b0},
    doi = {https://doi.org/10.1007/978-3-319-45719-2_17},
    pages = {368--389},
}

@inproceedings{PelCatBalRos+16,
    title = {Uses and Abuses of Server-Side Requests.},
    author = {Giancarlo Pellegrino AND Onur Catakoglu AND Davide Balzarotti AND Christian Rossow},
    booktitle = {Proc. of International Symposium on Research in Attacks, Intrusions and Defenses (RAID)},
    year = {2016},
    tnid = {041eda203d},
    doi = {https://doi.org/10.1007/978-3-319-45719-2_18},
    pages = {393--414},
}

@inproceedings{ArsKhaRob16,
    title = {Identifying Extension-Based Ad Injection via Fine-Grained Web Content Provenance.},
    author = {Sajjad Arshad AND Amin Kharraz AND William Robertson},
    booktitle = {Proc. of International Symposium on Research in Attacks, Intrusions and Defenses (RAID)},
    year = {2016},
    tnid = {47b1310ecb},
    doi = {https://doi.org/10.1007/978-3-319-45719-2_19},
    pages = {415--436},
}

@inproceedings{MamOnaMulRob+16,
    title = {Trellis: Privilege Separation for Multi-user Applications Made Easy.},
    author = {Andrea Mambretti AND Kaan Onarlioglu AND Collin Mulliner AND William Robertson AND Engin Kirda AND Federico Maggi AND Stefano Zanero},
    booktitle = {Proc. of International Symposium on Research in Attacks, Intrusions and Defenses (RAID)},
    year = {2016},
    tnid = {2a6706ed52},
    doi = {https://doi.org/10.1007/978-3-319-45719-2_20},
    pages = {437--456},
}

@inproceedings{SunLuiZho16,
    title = {Blender: Self-randomizing Address Space Layout for Android Apps.},
    author = {Mingshen Sun AND John C. S. Lui AND Yajin Zhou},
    booktitle = {Proc. of International Symposium on Research in Attacks, Intrusions and Defenses (RAID)},
    year = {2016},
    tnid = {7354995422},
    doi = {https://doi.org/10.1007/978-3-319-45719-2_21},
    pages = {457--480},
}

@inproceedings{KhaOzsDonAbu+15,
    title = {Ensemble Learning for Low-Level Hardware-Supported Malware Detection.},
    author = {Khaled N. Khasawneh AND Meltem Ozsoy AND Caleb Donovick AND Nael B. Abu-Ghazaleh AND Dmitry V. Ponomarev},
    booktitle = {Proc. of International Symposium on Research in Attacks, Intrusions and Defenses (RAID)},
    year = {2015},
    tnid = {0bfb6d915b},
    doi = {https://doi.org/10.1007/978-3-319-26362-5_1},
    pages = {3--25},
}

@inproceedings{GerMal15,
    title = {Physical-Layer Detection of Hardware Keyloggers.},
    author = {Ryan M. Gerdes AND Saptarshi Mallick},
    booktitle = {Proc. of International Symposium on Research in Attacks, Intrusions and Defenses (RAID)},
    year = {2015},
    tnid = {2d906dab03},
    doi = {https://doi.org/10.1007/978-3-319-26362-5_2},
    pages = {26--47},
}

@inproceedings{MauScoNeuHee+15,
    title = {Reverse Engineering Intel Last-Level Cache Complex Addressing Using Performance Counters.},
    author = {Clémentine Maurice AND Nicolas Le Scouarnec AND Christoph Neumann AND Olivier Heen AND Aurélien Francillon},
    booktitle = {Proc. of International Symposium on Research in Attacks, Intrusions and Defenses (RAID)},
    year = {2015},
    tnid = {0579eaaae3},
    doi = {https://doi.org/10.1007/978-3-319-26362-5_3},
    pages = {48--65},
}

@inproceedings{YuaZenDin15,
    title = {Hardware-Assisted Fine-Grained Code-Reuse Attack Detection.},
    author = {Pinghai Yuan AND Qingkai Zeng AND Xuhua Ding},
    booktitle = {Proc. of International Symposium on Research in Attacks, Intrusions and Defenses (RAID)},
    year = {2015},
    tnid = {d047763a33},
    doi = {https://doi.org/10.1007/978-3-319-26362-5_4},
    pages = {66--85},
}

@inproceedings{NamJamChoHan+15,
    title = {Haetae: Scaling the Performance of Network Intrusion Detection with Many-Core Processors.},
    author = {Jaehyun Nam AND Muhammad Jamshed AND Byungkwon Choi AND Dongsu Han AND KyoungSoo Park},
    booktitle = {Proc. of International Symposium on Research in Attacks, Intrusions and Defenses (RAID)},
    year = {2015},
    tnid = {da4e9e542d},
    doi = {https://doi.org/10.1007/978-3-319-26362-5_5},
    pages = {89--110},
}

@inproceedings{JacVerUrvBie+15,
    title = {Demystifying the IP Blackspace.},
    author = {Quentin Jacquemart AND Pierre-Antoine Vervier AND Guillaume Urvoy-Keller AND Ernst W. Biersack},
    booktitle = {Proc. of International Symposium on Research in Attacks, Intrusions and Defenses (RAID)},
    year = {2015},
    tnid = {e50b185930},
    doi = {https://doi.org/10.1007/978-3-319-26362-5_6},
    pages = {111--132},
}

@inproceedings{AmaSom15,
    title = {Providing Dynamic Control to Passive Network Security Monitoring.},
    author = {Johanna Amann AND Robin Sommer},
    booktitle = {Proc. of International Symposium on Research in Attacks, Intrusions and Defenses (RAID)},
    year = {2015},
    tnid = {cc1d7344ab},
    doi = {https://doi.org/10.1007/978-3-319-26362-5_7},
    pages = {133--152},
}

@inproceedings{MaoCaiTowGua+15,
    title = {Probabilistic Inference on Integrity for Access Behavior Based Malware Detection.},
    author = {Weixuan Mao AND Zhongmin Cai AND Don Towsley AND Xiaohong Guan},
    booktitle = {Proc. of International Symposium on Research in Attacks, Intrusions and Defenses (RAID)},
    year = {2015},
    tnid = {aeafd89a4d},
    doi = {https://doi.org/10.1007/978-3-319-26362-5_8},
    pages = {155--176},
}

@inproceedings{KitVogKirEck+15,
    title = {Counteracting Data-Only Malware with Code Pointer Examination.},
    author = {Thomas Kittel AND Sebastian Vogl AND Julian Kirsch AND Claudia Eckert},
    booktitle = {Proc. of International Symposium on Research in Attacks, Intrusions and Defenses (RAID)},
    year = {2015},
    tnid = {cb16167547},
    doi = {https://doi.org/10.1007/978-3-319-26362-5_9},
    pages = {177--197},
}

@inproceedings{NieSuLiWan+15,
    title = {Xede: Practical Exploit Early Detection.},
    author = {Meining Nie AND Purui Su AND Qi Li AND Zhi Wang AND Lingyun Ying AND Jinlong Hu AND Dengguo Feng},
    booktitle = {Proc. of International Symposium on Research in Attacks, Intrusions and Defenses (RAID)},
    year = {2015},
    tnid = {54081d36bf},
    doi = {https://doi.org/10.1007/978-3-319-26362-5_10},
    pages = {198--221},
}

@inproceedings{SmuSta15,
    title = {Preventing Exploits in Microsoft Office Documents Through Content Randomization.},
    author = {Charles Smutz AND Angelos Stavrou},
    booktitle = {Proc. of International Symposium on Research in Attacks, Intrusions and Defenses (RAID)},
    year = {2015},
    tnid = {9f72370779},
    doi = {https://doi.org/10.1007/978-3-319-26362-5_11},
    pages = {225--246},
}

@inproceedings{ZhaSunDenChe+15,
    title = {Improving Accuracy of Static Integer Overflow Detection in Binary.},
    author = {Yang Zhang AND Xiaoshan Sun AND Yi Deng AND Liang Cheng AND Shuke Zeng AND Yu Fu AND Dengguo Feng},
    booktitle = {Proc. of International Symposium on Research in Attacks, Intrusions and Defenses (RAID)},
    year = {2015},
    tnid = {82d01f3c59},
    doi = {https://doi.org/10.1007/978-3-319-26362-5_12},
    pages = {247--269},
}

@inproceedings{ShuYaoRyd15,
    title = {A Formal Framework for Program Anomaly Detection.},
    author = {Xiaokui Shu AND Danfeng (Daphne) Yao AND Barbara G. Ryder},
    booktitle = {Proc. of International Symposium on Research in Attacks, Intrusions and Defenses (RAID)},
    year = {2015},
    tnid = {af0766d90c},
    doi = {https://doi.org/10.1007/978-3-319-26362-5_13},
    pages = {270--292},
}

@inproceedings{PelTscBodRos+15,
    title = {jÄk: Using Dynamic Analysis to Crawl and Test Modern Web Applications.},
    author = {Giancarlo Pellegrino AND Constantin Tschürtz AND Eric Bodden AND Christian Rossow},
    booktitle = {Proc. of International Symposium on Research in Attacks, Intrusions and Defenses (RAID)},
    year = {2015},
    tnid = {7893c9d3df},
    doi = {https://doi.org/10.1007/978-3-319-26362-5_14},
    pages = {295--316},
}

@inproceedings{YanDamPor15,
    title = {WYSISNWIV: What You Scan Is Not What I Visit.},
    author = {Qilang Yang AND Dimitrios Damopoulos AND Georgios Portokalidis},
    booktitle = {Proc. of International Symposium on Research in Attacks, Intrusions and Defenses (RAID)},
    year = {2015},
    tnid = {992c066dbd},
    doi = {https://doi.org/10.1007/978-3-319-26362-5_15},
    pages = {317--338},
}

@inproceedings{RöpHol15,
    title = {SDN Rootkits: Subverting Network Operating Systems of Software-Defined Networks.},
    author = {Christian Röpke AND Thorsten Holz},
    booktitle = {Proc. of International Symposium on Research in Attacks, Intrusions and Defenses (RAID)},
    year = {2015},
    tnid = {310b2a2b37},
    doi = {https://doi.org/10.1007/978-3-319-26362-5_16},
    pages = {339--356},
}

@inproceedings{YanZhaLiShu+15,
    title = {AppSpear: Bytecode Decrypting and DEX Reassembling for Packed Android Malware.},
    author = {Wenbo Yang AND Yuanyuan Zhang AND Juanru Li AND Junliang Shu AND Bodong Li AND Wenjun Hu AND Dawu Gu},
    booktitle = {Proc. of International Symposium on Research in Attacks, Intrusions and Defenses (RAID)},
    year = {2015},
    tnid = {cf64ad6636},
    doi = {https://doi.org/10.1007/978-3-319-26362-5_17},
    pages = {359--381},
}

@inproceedings{AndZanMag15,
    title = {HelDroid: Dissecting and Detecting Mobile Ransomware.},
    author = {Nicoló Andronio AND Stefano Zanero AND Federico Maggi},
    booktitle = {Proc. of International Symposium on Research in Attacks, Intrusions and Defenses (RAID)},
    year = {2015},
    tnid = {f38f294d0f},
    doi = {https://doi.org/10.1007/978-3-319-26362-5_18},
    pages = {382--404},
}

@inproceedings{MurStaBarFle+15,
    title = {Continuous Authentication on Mobile Devices Using Power Consumption, Touch Gestures and Physical Movement of Users.},
    author = {Rahul Murmuria AND Angelos Stavrou AND Daniel Barbará AND Dan Fleck},
    booktitle = {Proc. of International Symposium on Research in Attacks, Intrusions and Defenses (RAID)},
    year = {2015},
    tnid = {241a114251},
    doi = {https://doi.org/10.1007/978-3-319-26362-5_19},
    pages = {405--424},
}

@inproceedings{XuWanSta15,
    title = {Privacy Risk Assessment on Online Photos.},
    author = {Haitao Xu AND Haining Wang AND Angelos Stavrou},
    booktitle = {Proc. of International Symposium on Research in Attacks, Intrusions and Defenses (RAID)},
    year = {2015},
    tnid = {981168293b},
    doi = {https://doi.org/10.1007/978-3-319-26362-5_20},
    pages = {427--447},
}

@inproceedings{UllWei15,
    title = {Privacy is Not an Option: Attacking the IPv6 Privacy Extension.},
    author = {Johanna Ullrich AND Edgar R. Weippl},
    booktitle = {Proc. of International Symposium on Research in Attacks, Intrusions and Defenses (RAID)},
    year = {2015},
    tnid = {9a931271ca},
    doi = {https://doi.org/10.1007/978-3-319-26362-5_21},
    pages = {448--468},
}

@inproceedings{MilPayAntVie+15,
    title = {Evaluation of Intrusion Detection Systems in Virtualized Environments Using Attack Injection.},
    author = {Aleksandar Milenkoski AND Bryan D. Payne AND Nuno Antunes AND Marco Vieira AND Samuel Kounev AND Alberto Avritzer AND Matthias Luft},
    booktitle = {Proc. of International Symposium on Research in Attacks, Intrusions and Defenses (RAID)},
    year = {2015},
    tnid = {efddc4f317},
    doi = {https://doi.org/10.1007/978-3-319-26362-5_22},
    pages = {471--492},
}

@inproceedings{WeiDahHol15,
    title = {Security Analysis of PHP Bytecode Protection Mechanisms.},
    author = {Dario Weißer AND Johannes Dahse AND Thorsten Holz},
    booktitle = {Proc. of International Symposium on Research in Attacks, Intrusions and Defenses (RAID)},
    year = {2015},
    tnid = {18252f5555},
    doi = {https://doi.org/10.1007/978-3-319-26362-5_23},
    pages = {493--514},
}

@inproceedings{ElsBarFleSta+15,
    title = {Radmin: Early Detection of Application-Level Resource Exhaustion and Starvation Attacks.},
    author = {Mohamed Elsabagh AND Daniel Barbará AND Dan Fleck AND Angelos Stavrou},
    booktitle = {Proc. of International Symposium on Research in Attacks, Intrusions and Defenses (RAID)},
    year = {2015},
    tnid = {a15c560cde},
    doi = {https://doi.org/10.1007/978-3-319-26362-5_24},
    pages = {515--537},
}

@inproceedings{ZenLin15,
    title = {Towards Automatic Inference of Kernel Object Semantics from Binary Code.},
    author = {Junyuan Zeng AND Zhiqiang Lin},
    booktitle = {Proc. of International Symposium on Research in Attacks, Intrusions and Defenses (RAID)},
    year = {2015},
    tnid = {b068775c46},
    doi = {https://doi.org/10.1007/978-3-319-26362-5_25},
    pages = {538--561},
}

@inproceedings{BarDomYakGer+15,
    title = {BotWatcher - Transparent and Generic Botnet Tracking.},
    author = {Thomas Barabosch AND Adrian Dombeck AND Khaled Yakdan AND Elmar Gerhards-Padilla},
    booktitle = {Proc. of International Symposium on Research in Attacks, Intrusions and Defenses (RAID)},
    year = {2015},
    tnid = {b4971536f5},
    doi = {https://doi.org/10.1007/978-3-319-26362-5_26},
    pages = {565--587},
}

@inproceedings{CheBinWanBer+15,
    title = {Elite: Automatic Orchestration of Elastic Detection Services to Secure Cloud Hosting.},
    author = {Yangyi Chen AND Vincent Bindschaedler AND XiaoFeng Wang AND Stefan Berger AND Dimitrios E. Pendarakis},
    booktitle = {Proc. of International Symposium on Research in Attacks, Intrusions and Defenses (RAID)},
    year = {2015},
    tnid = {b9ff924d90},
    doi = {https://doi.org/10.1007/978-3-319-26362-5_27},
    pages = {588--614},
}

@inproceedings{KräKruMakNis+15,
    title = {AmpPot: Monitoring and Defending Against Amplification DDoS Attacks.},
    author = {Lukas Krämer AND Johannes Krupp AND Daisuke Makita AND Tomomi Nishizoe AND Takashi Koide AND Katsunari Yoshioka AND Christian Rossow},
    booktitle = {Proc. of International Symposium on Research in Attacks, Intrusions and Defenses (RAID)},
    year = {2015},
    tnid = {df6ab3ad36},
    doi = {https://doi.org/10.1007/978-3-319-26362-5_28},
    pages = {615--636},
}

@inproceedings{DonHahXuKro+15,
    title = {Tracking Network Events with Write Optimized Data Structures.},
    author = {Nolan P. Donoghue AND Bridger Hahn AND Helen Xu AND Thomas M. Kroeger AND David Zage AND Rob Johnson},
    booktitle = {Proc. of International Symposium on Research in Attacks, Intrusions and Defenses (RAID)},
    year = {2015},
    tnid = {4a7cb8b57d},
    doi = {http://doi.ieeecomputersociety.org/10.1109/BADGERS.2015.011},
    pages = {1--7},
}

@inproceedings{PapPetChrVas+15,
    title = {MAD: A Middleware Framework for Multi-step Attack Detection.},
    author = {Panagiotis Papadopoulos AND Thanasis Petsas AND Giorgos Christou AND Giorgos Vasiliadis},
    booktitle = {Proc. of International Symposium on Research in Attacks, Intrusions and Defenses (RAID)},
    year = {2015},
    tnid = {8f06009df1},
    doi = {http://doi.ieeecomputersociety.org/10.1109/BADGERS.2015.012},
    pages = {8--15},
}

@inproceedings{HirMiyNakEsa+15,
    title = {INTERCEPT+: SDN Support for Live Migration-Based Honeypots.},
    author = {Ayumu Hirata AND Daisuke Miyamoto AND Masaya Nakayama AND Hiroshi Esaki},
    booktitle = {Proc. of International Symposium on Research in Attacks, Intrusions and Defenses (RAID)},
    year = {2015},
    tnid = {259afc2df9},
    doi = {http://doi.ieeecomputersociety.org/10.1109/BADGERS.2015.013},
    pages = {16--24},
}

@inproceedings{MouSla15,
    title = {The Significant Features of the UNSW-NB15 and the KDD99 Data Sets for Network Intrusion Detection Systems.},
    author = {Nour Moustafa AND Jill Slay},
    booktitle = {Proc. of International Symposium on Research in Attacks, Intrusions and Defenses (RAID)},
    year = {2015},
    tnid = {f99b8515fb},
    doi = {http://doi.ieeecomputersociety.org/10.1109/BADGERS.2015.014},
    pages = {25--31},
}

@inproceedings{ShiTsuEtoIno+15,
    title = {Using Bayesian Decision Making to Detect Slow Scans.},
    author = {Ichiro Shimada AND Yu Tsuda AND Masashi Eto AND Daisuke Inoue},
    booktitle = {Proc. of International Symposium on Research in Attacks, Intrusions and Defenses (RAID)},
    year = {2015},
    tnid = {e58db26f6f},
    doi = {https://doi.org/10.1109/BADGERS.2015.015},
    pages = {32--41},
}

@inproceedings{BonMigSénKhe+15,
    title = {DGA Bot Detection with Time Series Decision Trees.},
    author = {Anael Bonneton AND Daniel Migault AND Stéphane Sénécal AND Nizar Kheir},
    booktitle = {Proc. of International Symposium on Research in Attacks, Intrusions and Defenses (RAID)},
    year = {2015},
    tnid = {d0e04d41fd},
    doi = {http://doi.ieeecomputersociety.org/10.1109/BADGERS.2015.016},
    pages = {42--53},
}

@inproceedings{PolIliTzeIoa+15,
    title = {Social Forensics: Searching for Needles in Digital Haystacks.},
    author = {Iasonas Polakis AND Panagiotis Ilia AND Zacharias Tzermias AND Sotiris Ioannidis AND Paraskevi Fragopoulou},
    booktitle = {Proc. of International Symposium on Research in Attacks, Intrusions and Defenses (RAID)},
    year = {2015},
    tnid = {9e123eb3d6},
    doi = {http://doi.ieeecomputersociety.org/10.1109/BADGERS.2015.017},
    pages = {54--66},
}

@inproceedings{YamMiyNak15,
    title = {Text-Mining Approach for Estimating Vulnerability Score.},
    author = {Yasuhiro Yamamoto AND Daisuke Miyamoto AND Masaya Nakayama},
    booktitle = {Proc. of International Symposium on Research in Attacks, Intrusions and Defenses (RAID)},
    year = {2015},
    tnid = {3a0e0d1657},
    doi = {http://doi.ieeecomputersociety.org/10.1109/BADGERS.2015.018},
    pages = {67--73},
}

@inproceedings{MenBlaOkaMiy+15,
    title = {AJNA: Anti-phishing JS-based Visual Analysis, to Mitigate Users' Excessive Trust in SSL/TLS.},
    author = {Pernelle Mensah AND Gregory Blanc AND Kazuya Okada AND Daisuke Miyamoto AND Youki Kadobayashi},
    booktitle = {Proc. of International Symposium on Research in Attacks, Intrusions and Defenses (RAID)},
    year = {2015},
    tnid = {1a0879e243},
    doi = {http://doi.ieeecomputersociety.org/10.1109/BADGERS.2015.019},
    pages = {74--84},
}

@inproceedings{KühRosHol14,
    title = {Paint It Black: Evaluating the Effectiveness of Malware Blacklists.},
    author = {Marc Kührer AND Christian Rossow AND Thorsten Holz},
    booktitle = {Proc. of International Symposium on Research in Attacks, Intrusions and Defenses (RAID)},
    year = {2014},
    tnid = {a9269f1f5c},
    doi = {https://doi.org/10.1007/978-3-319-11379-1_1},
    pages = {1--21},
}

@inproceedings{XuZhaGuLin+14,
    title = {GoldenEye: Efficiently and Effectively Unveiling Malware's Targeted Environment.},
    author = {Zhaoyan Xu AND Jialong Zhang AND Guofei Gu AND Zhiqiang Lin},
    booktitle = {Proc. of International Symposium on Research in Attacks, Intrusions and Defenses (RAID)},
    year = {2014},
    tnid = {b581f1d5b4},
    doi = {https://doi.org/10.1007/978-3-319-11379-1_2},
    pages = {22--45},
}

@inproceedings{BowHarJueTri+14,
    title = {PillarBox: Combating Next-Generation Malware with Fast Forward-Secure Logging.},
    author = {Kevin D. Bowers AND Catherine Hart AND Ari Juels AND Nikos Triandopoulos},
    booktitle = {Proc. of International Symposium on Research in Attacks, Intrusions and Defenses (RAID)},
    year = {2014},
    tnid = {0ec6235369},
    doi = {https://doi.org/10.1007/978-3-319-11379-1_3},
    pages = {46--67},
}

@inproceedings{PapPolKer14,
    title = {Dynamic Reconstruction of Relocation Information for Stripped Binaries.},
    author = {Vasilis Pappas AND Michalis Polychronakis AND Angelos D. Keromytis},
    booktitle = {Proc. of International Symposium on Research in Attacks, Intrusions and Defenses (RAID)},
    year = {2014},
    tnid = {331f35d583},
    doi = {https://doi.org/10.1007/978-3-319-11379-1_4},
    pages = {68--87},
}

@inproceedings{SchTenPewMaa+14,
    title = {Evaluating the Effectiveness of Current Anti-ROP Defenses.},
    author = {Felix Schuster AND Thomas Tendyck AND Jannik Pewny AND Andreas Maaß AND Martin Steegmanns AND Moritz Contag AND Thorsten Holz},
    booktitle = {Proc. of International Symposium on Research in Attacks, Intrusions and Defenses (RAID)},
    year = {2014},
    tnid = {584dfe918f},
    doi = {https://doi.org/10.1007/978-3-319-11379-1_5},
    pages = {88--108},
}

@inproceedings{TanSetSto14,
    title = {Unsupervised Anomaly-Based Malware Detection Using Hardware Features.},
    author = {Adrian Tang AND Simha Sethumadhavan AND Salvatore J. Stolfo},
    booktitle = {Proc. of International Symposium on Research in Attacks, Intrusions and Defenses (RAID)},
    year = {2014},
    tnid = {872ce7cd2d},
    doi = {https://doi.org/10.1007/978-3-319-11379-1_6},
    pages = {109--129},
}

@inproceedings{CorInvKrüVig+14,
    title = {Eyes of a Human, Eyes of a Program: Leveraging Different Views of the Web for Analysis and Detection.},
    author = {Jacopo Corbetta AND Luca Invernizzi AND Christopher Krügel AND Giovanni Vigna},
    booktitle = {Proc. of International Symposium on Research in Attacks, Intrusions and Defenses (RAID)},
    year = {2014},
    tnid = {90c5132bf3},
    doi = {https://doi.org/10.1007/978-3-319-11379-1_7},
    pages = {130--149},
}

@inproceedings{BudJiaDonSax+14,
    title = {You Can't Be Me: Enabling Trusted Paths and User Sub-origins in Web Browsers.},
    author = {Enrico Budianto AND Yaoqi Jia AND Xinshu Dong AND Prateek Saxena AND Zhenkai Liang},
    booktitle = {Proc. of International Symposium on Research in Attacks, Intrusions and Defenses (RAID)},
    year = {2014},
    tnid = {ad7717288e},
    doi = {https://doi.org/10.1007/978-3-319-11379-1_8},
    pages = {150--171},
}

@inproceedings{BogDuSto14,
    title = {Measuring Drive-by Download Defense in Depth.},
    author = {Nathaniel Boggs AND Senyao Du AND Salvatore J. Stolfo},
    booktitle = {Proc. of International Symposium on Research in Attacks, Intrusions and Defenses (RAID)},
    year = {2014},
    tnid = {a3760e4e8f},
    doi = {https://doi.org/10.1007/978-3-319-11379-1_9},
    pages = {172--191},
}

@inproceedings{Kum14,
    title = {A Lightweight Formal Approach for Analyzing Security of Web Protocols.},
    author = {Apurva Kumar},
    booktitle = {Proc. of International Symposium on Research in Attacks, Intrusions and Defenses (RAID)},
    year = {2014},
    tnid = {17e233a2dd},
    doi = {https://doi.org/10.1007/978-3-319-11379-1_10},
    pages = {192--211},
}

@inproceedings{WeiLauRob14,
    title = {Why Is CSP Failing? Trends and Challenges in CSP Adoption.},
    author = {Michael Weissbacher AND Tobias Lauinger AND William K. Robertson},
    booktitle = {Proc. of International Symposium on Research in Attacks, Intrusions and Defenses (RAID)},
    year = {2014},
    tnid = {5df831849d},
    doi = {https://doi.org/10.1007/978-3-319-11379-1_11},
    pages = {212--233},
}

@inproceedings{BogZhaDuSto+14,
    title = {Synthetic Data Generation and Defense in Depth Measurement of Web Applications.},
    author = {Nathaniel Boggs AND Hang Zhao AND Senyao Du AND Salvatore J. Stolfo},
    booktitle = {Proc. of International Symposium on Research in Attacks, Intrusions and Defenses (RAID)},
    year = {2014},
    tnid = {77ec673b20},
    doi = {https://doi.org/10.1007/978-3-319-11379-1_12},
    pages = {234--254},
}

@inproceedings{KhaAtwHen14,
    title = {A Comparative Evaluation of Implicit Authentication Schemes.},
    author = {Hassan Khan AND Aaron Atwater AND Urs Hengartner},
    booktitle = {Proc. of International Symposium on Research in Attacks, Intrusions and Defenses (RAID)},
    year = {2014},
    tnid = {543e8ea3dd},
    doi = {https://doi.org/10.1007/978-3-319-11379-1_13},
    pages = {255--275},
}

@inproceedings{CaoShoBorKrü+14,
    title = {Protecting Web-Based Single Sign-on Protocols against Relying Party Impersonation Attacks through a Dedicated Bi-directional Authenticated Secure Channel.},
    author = {Yinzhi Cao AND Yan Shoshitaishvili AND Kevin Borgolte AND Christopher Krügel AND Giovanni Vigna AND Yan Chen},
    booktitle = {Proc. of International Symposium on Research in Attacks, Intrusions and Defenses (RAID)},
    year = {2014},
    tnid = {b999dfcf14},
    doi = {https://doi.org/10.1007/978-3-319-11379-1_14},
    pages = {276--298},
}

@inproceedings{ApeIncEisSun+14,
    title = {Wait a Minute! A fast, Cross-VM Attack on AES.},
    author = {Gorka Irazoqui Apecechea AND Mehmet Sinan Inci AND Thomas Eisenbarth AND Berk Sunar},
    booktitle = {Proc. of International Symposium on Research in Attacks, Intrusions and Defenses (RAID)},
    year = {2014},
    tnid = {3cd517219b},
    doi = {https://doi.org/10.1007/978-3-319-11379-1_15},
    pages = {299--319},
}

@inproceedings{AmaHalSom14,
    title = {Count Me In: Viable Distributed Summary Statistics for Securing High-Speed Networks.},
    author = {Johanna Amann AND Seth Hall AND Robin Sommer},
    booktitle = {Proc. of International Symposium on Research in Attacks, Intrusions and Defenses (RAID)},
    year = {2014},
    tnid = {bb602ffc6f},
    doi = {https://doi.org/10.1007/978-3-319-11379-1_16},
    pages = {320--340},
}

@inproceedings{HenNor14,
    title = {Formal Analysis of Security Procedures in LTE - A Feasibility Study.},
    author = {Noomene Ben Henda AND Karl Norrman},
    booktitle = {Proc. of International Symposium on Research in Attacks, Intrusions and Defenses (RAID)},
    year = {2014},
    tnid = {1b37475a6e},
    doi = {https://doi.org/10.1007/978-3-319-11379-1_17},
    pages = {341--361},
}

@inproceedings{LeeChoKimShi+14,
    title = {Run Away If You Can: - Persistent Jamming Attacks against Channel Hopping Wi-Fi Devices in Dense Networks.},
    author = {Il-Gu Lee AND Hyunwoo Choi AND Yongdae Kim AND Seungwon Shin AND Myungchul Kim},
    booktitle = {Proc. of International Symposium on Research in Attacks, Intrusions and Defenses (RAID)},
    year = {2014},
    tnid = {dff5c39e40},
    doi = {https://doi.org/10.1007/978-3-319-11379-1_18},
    pages = {362--383},
}

@inproceedings{AbbWetBokZam+14,
    title = {On Emulation-Based Network Intrusion Detection Systems.},
    author = {Ali Abbasi AND Jos Wetzels AND Wouter Bokslag AND Emmanuele Zambon AND Sandro Etalle},
    booktitle = {Proc. of International Symposium on Research in Attacks, Intrusions and Defenses (RAID)},
    year = {2014},
    tnid = {86e55fbfc0},
    doi = {https://doi.org/10.1007/978-3-319-11379-1_19},
    pages = {384--404},
}

@inproceedings{OkhRioCar14,
    title = {Quantitative Evaluation of Dynamic Platform Techniques as a Defensive Mechanism.},
    author = {Hamed Okhravi AND James Riordan AND Kevin M. Carter},
    booktitle = {Proc. of International Symposium on Research in Attacks, Intrusions and Defenses (RAID)},
    year = {2014},
    tnid = {9653bdf54c},
    doi = {https://doi.org/10.1007/978-3-319-11379-1_20},
    pages = {405--425},
}

@inproceedings{NayMarEfsDum+14,
    title = {Some Vulnerabilities Are Different Than Others - Studying Vulnerabilities and Attack Surfaces in the Wild.},
    author = {Kartik Nayak AND Daniel Marino AND Petros Efstathopoulos AND Tudor Dumitras},
    booktitle = {Proc. of International Symposium on Research in Attacks, Intrusions and Defenses (RAID)},
    year = {2014},
    tnid = {5cdb219e2e},
    doi = {https://doi.org/10.1007/978-3-319-11379-1_21},
    pages = {426--446},
}

@inproceedings{CamRodMon14,
    title = {Towards a Masquerade Detection System Based on User's Tasks.},
    author = {José Benito Camiña AND Jorge Rodríguez-Ruiz AND Raúl Monroy},
    booktitle = {Proc. of International Symposium on Research in Attacks, Intrusions and Defenses (RAID)},
    year = {2014},
    tnid = {7eed525c97},
    doi = {https://doi.org/10.1007/978-3-319-11379-1_22},
    pages = {447--465},
}

@inproceedings{Ste13b,
    title = {A Primitive for Revealing Stealthy Peripheral-Based Attacks on the Computing Platform's Main Memory.},
    author = {Patrick Stewin},
    booktitle = {Proc. of International Symposium on Research in Attacks, Intrusions and Defenses (RAID)},
    year = {2013},
    tnid = {a05f58502e},
    doi = {https://doi.org/10.1007/978-3-642-41284-4_1},
    pages = {1--20},
}

@inproceedings{GraLanBal13,
    title = {Hypervisor Memory Forensics.},
    author = {Mariano Graziano AND Andrea Lanzi AND Davide Balzarotti},
    booktitle = {Proc. of International Symposium on Research in Attacks, Intrusions and Defenses (RAID)},
    year = {2013},
    tnid = {0b461a9da7},
    doi = {https://doi.org/10.1007/978-3-642-41284-4_2},
    pages = {21--40},
}

@inproceedings{FriLeiPol13,
    title = {Server-Side Code Injection Attacks: A Historical Perspective.},
    author = {Jakob Fritz AND Corrado Leita AND Michalis Polychronakis},
    booktitle = {Proc. of International Symposium on Research in Attacks, Intrusions and Defenses (RAID)},
    year = {2013},
    tnid = {1bf96c61a3},
    doi = {https://doi.org/10.1007/978-3-642-41284-4_3},
    pages = {41--61},
}

@inproceedings{StaSnoOttMon+13,
    title = {Check My Profile: Leveraging Static Analysis for Fast and Accurate Detection of ROP Gadgets.},
    author = {Blaine Stancill AND Kevin Z. Snow AND Nathan Otterness AND Fabian Monrose AND Lucas Davi AND Ahmad-Reza Sadeghi},
    booktitle = {Proc. of International Symposium on Research in Attacks, Intrusions and Defenses (RAID)},
    year = {2013},
    tnid = {0d9bc9f13a},
    doi = {https://doi.org/10.1007/978-3-642-41284-4_4},
    pages = {62--81},
}

@inproceedings{SkoCasOkhZel+13,
    title = {Systematic Analysis of Defenses against Return-Oriented Programming.},
    author = {Richard Skowyra AND Kelly Casteel AND Hamed Okhravi AND Nickolai Zeldovich AND William W. Streilein},
    booktitle = {Proc. of International Symposium on Research in Attacks, Intrusions and Defenses (RAID)},
    year = {2013},
    tnid = {a18e759b55},
    doi = {https://doi.org/10.1007/978-3-642-41284-4_5},
    pages = {82--102},
}

@inproceedings{XioLiu13,
    title = {SILVER: Fine-Grained and Transparent Protection Domain Primitives in Commodity OS Kernel.},
    author = {Xi Xiong AND Peng Liu},
    booktitle = {Proc. of International Symposium on Research in Attacks, Intrusions and Defenses (RAID)},
    year = {2013},
    tnid = {67d50df900},
    doi = {https://doi.org/10.1007/978-3-642-41284-4_6},
    pages = {103--122},
}

@inproceedings{KawIwaShiHar+13,
    title = {API Chaser: Anti-analysis Resistant Malware Analyzer.},
    author = {Yuhei Kawakoya AND Makoto Iwamura AND Eitaro Shioji AND Takeo Hariu},
    booktitle = {Proc. of International Symposium on Research in Attacks, Intrusions and Defenses (RAID)},
    year = {2013},
    tnid = {b672fa0757},
    doi = {https://doi.org/10.1007/978-3-642-41284-4_7},
    pages = {123--143},
}

@inproceedings{RafCab13,
    title = {FIRMA: Malware Clustering and Network Signature Generation with Mixed Network Behaviors.},
    author = {M. Zubair Rafique AND Juan Caballero},
    booktitle = {Proc. of International Symposium on Research in Attacks, Intrusions and Defenses (RAID)},
    year = {2013},
    tnid = {bcb8673791},
    doi = {https://doi.org/10.1007/978-3-642-41284-4_8},
    pages = {144--163},
}

@inproceedings{WreBolRie13,
    title = {Deobfuscating Embedded Malware Using Probable-Plaintext Attacks.},
    author = {Christian Wressnegger AND Frank Boldewin AND Konrad Rieck},
    booktitle = {Proc. of International Symposium on Research in Attacks, Intrusions and Defenses (RAID)},
    year = {2013},
    tnid = {f566e8b0e3},
    doi = {https://doi.org/10.1007/978-3-642-41284-4_9},
    pages = {164--183},
}

@inproceedings{BueComSakBai+13,
    title = {Detecting Traditional Packers, Decisively.},
    author = {Denis Bueno AND Kevin J. Compton AND Karem A. Sakallah AND Michael Bailey},
    booktitle = {Proc. of International Symposium on Research in Attacks, Intrusions and Defenses (RAID)},
    year = {2013},
    tnid = {9004638739},
    doi = {https://doi.org/10.1007/978-3-642-41284-4_10},
    pages = {184--203},
}

@inproceedings{OswRicPaa13,
    title = {Side-Channel Attacks on the Yubikey 2 One-Time Password Generator.},
    author = {David Oswald AND Bastian Richter AND Christof Paar},
    booktitle = {Proc. of International Symposium on Research in Attacks, Intrusions and Defenses (RAID)},
    year = {2013},
    tnid = {c254ed6dbe},
    doi = {https://doi.org/10.1007/978-3-642-41284-4_11},
    pages = {204--222},
}

@inproceedings{AkiYagAokHar+13,
    title = {Active Credential Leakage for Observing Web-Based Attack Cycle.},
    author = {Mitsuaki Akiyama AND Takeshi Yagi AND Kazufumi Aoki AND Takeo Hariu AND Youki Kadobayashi},
    booktitle = {Proc. of International Symposium on Research in Attacks, Intrusions and Defenses (RAID)},
    year = {2013},
    tnid = {687eaee671},
    doi = {https://doi.org/10.1007/978-3-642-41284-4_12},
    pages = {223--243},
}

@inproceedings{ZhaLiu13,
    title = {Behavior Decomposition: Aspect-Level Browser Extension Clustering and Its Security Implications.},
    author = {Bin Zhao AND Peng Liu},
    booktitle = {Proc. of International Symposium on Research in Attacks, Intrusions and Defenses (RAID)},
    year = {2013},
    tnid = {f446cf02c5},
    doi = {https://doi.org/10.1007/978-3-642-41284-4_13},
    pages = {244--264},
}

@inproceedings{JohLek13,
    title = {Tamper-Resistant LikeJacking Protection.},
    author = {Martin Johns AND Sebastian Lekies},
    booktitle = {Proc. of International Symposium on Research in Attacks, Intrusions and Defenses (RAID)},
    year = {2013},
    tnid = {3b5dbe6cb3},
    doi = {https://doi.org/10.1007/978-3-642-41284-4_14},
    pages = {265--285},
}

@inproceedings{VisTanNeu13,
    title = {Deconstructing the Assessment of Anomaly-based Intrusion Detectors.},
    author = {Arun Viswanathan AND Kymie Tan AND Clifford Neuman},
    booktitle = {Proc. of International Symposium on Research in Attacks, Intrusions and Defenses (RAID)},
    year = {2013},
    tnid = {53aa0ce5d0},
    doi = {https://doi.org/10.1007/978-3-642-41284-4_15},
    pages = {286--306},
}

@inproceedings{Sin13,
    title = {Practical Context-Aware Permission Control for Hybrid Mobile Applications.},
    author = {Kapil Singh},
    booktitle = {Proc. of International Symposium on Research in Attacks, Intrusions and Defenses (RAID)},
    year = {2013},
    tnid = {c5b28b57cf},
    doi = {https://doi.org/10.1007/978-3-642-41284-4_16},
    pages = {307--327},
}

@inproceedings{JiaJinSkuZha+13,
    title = {Understanding SMS Spam in a Large Cellular Network: Characteristics, Strategies and Defenses.},
    author = {Nan Jiang AND Yu Jin AND Ann Skudlark AND Zhi-Li Zhang},
    booktitle = {Proc. of International Symposium on Research in Attacks, Intrusions and Defenses (RAID)},
    year = {2013},
    tnid = {c84c51f109},
    doi = {https://doi.org/10.1007/978-3-642-41284-4_17},
    pages = {328--347},
}

@inproceedings{HofNeuHol13,
    title = {Mobile Malware Detection Based on Energy Fingerprints - A Dead End?},
    author = {Johannes Hoffmann AND Stephan Neumann AND Thorsten Holz},
    booktitle = {Proc. of International Symposium on Research in Attacks, Intrusions and Defenses (RAID)},
    year = {2013},
    tnid = {93164a9b4f},
    doi = {https://doi.org/10.1007/978-3-642-41284-4_18},
    pages = {348--368},
}

@inproceedings{LauOnaAbdKir+13,
    title = {Holiday Pictures or Blockbuster Movies? Insights into Copyright Infringement in User Uploads to One-Click File Hosters.},
    author = {Tobias Lauinger AND Kaan Onarlioglu AND Chaabane Abdelberi AND Engin Kirda AND William K. Robertson AND Mohamed Ali Kâafar},
    booktitle = {Proc. of International Symposium on Research in Attacks, Intrusions and Defenses (RAID)},
    year = {2013},
    tnid = {87fd07d098},
    doi = {https://doi.org/10.1007/978-3-642-41284-4_19},
    pages = {369--389},
}

@inproceedings{NadAntPerLee+13,
    title = {Connected Colors: Unveiling the Structure of Criminal Networks.},
    author = {Yacin Nadji AND Manos Antonakakis AND Roberto Perdisci AND Wenke Lee},
    booktitle = {Proc. of International Symposium on Research in Attacks, Intrusions and Defenses (RAID)},
    year = {2013},
    tnid = {23f665328c},
    doi = {https://doi.org/10.1007/978-3-642-41284-4_20},
    pages = {390--410},
}

@inproceedings{PapKemZavPol+13,
    title = {CloudFence: Data Flow Tracking as a Cloud Service.},
    author = {Vasilis Pappas AND Vasileios P. Kemerlis AND Angeliki Zavou AND Michalis Polychronakis AND Angelos D. Keromytis},
    booktitle = {Proc. of International Symposium on Research in Attacks, Intrusions and Defenses (RAID)},
    year = {2013},
    tnid = {e4a1f65628},
    doi = {https://doi.org/10.1007/978-3-642-41284-4_21},
    pages = {411--431},
}

@inproceedings{EggSchKruVig+13,
    title = {Practical Attacks against the I2P Network.},
    author = {Christoph Egger AND Johannes Schlumberger AND Christopher Kruegel AND Giovanni Vigna},
    booktitle = {Proc. of International Symposium on Research in Attacks, Intrusions and Defenses (RAID)},
    year = {2013},
    tnid = {201f6589b1},
    doi = {https://doi.org/10.1007/978-3-642-41284-4_22},
    pages = {432--451},
}

@inproceedings{SriRajGifEng+12,
    title = {Trusted VM Snapshots in Untrusted Cloud Infrastructures.},
    author = {Abhinav Srivastava AND Himanshu Raj AND Jonathon T. Giffin AND Paul England},
    booktitle = {Proc. of International Symposium on Research in Attacks, Intrusions and Defenses (RAID)},
    year = {2012},
    tnid = {e2e583abde},
    doi = {https://doi.org/10.1007/978-3-642-33338-5_1},
    pages = {1--21},
}

@inproceedings{CarConMonLee+12,
    title = {Secure and Robust Monitoring of Virtual Machines through Guest-Assisted Introspection.},
    author = {Martim Carbone AND Matthew Conover AND Bruce Montague AND Wenke Lee},
    booktitle = {Proc. of International Symposium on Research in Attacks, Intrusions and Defenses (RAID)},
    year = {2012},
    tnid = {d19d76a804},
    doi = {https://doi.org/10.1007/978-3-642-33338-5_2},
    pages = {22--41},
}

@inproceedings{ZhaLiu12,
    title = {Assessing the Trustworthiness of Drivers.},
    author = {Shengzhi Zhang AND Peng Liu},
    booktitle = {Proc. of International Symposium on Research in Attacks, Intrusions and Defenses (RAID)},
    year = {2012},
    tnid = {9cc9b5563f},
    doi = {https://doi.org/10.1007/978-3-642-33338-5_3},
    pages = {42--63},
}

@inproceedings{ThoBilO'GKie+12,
    title = {Industrial Espionage and Targeted Attacks: Understanding the Characteristics of an Escalating Threat.},
    author = {Olivier Thonnard AND Leyla Bilge AND Gavin O'Gorman AND Seán Kiernan AND Martin Lee},
    booktitle = {Proc. of International Symposium on Research in Attacks, Intrusions and Defenses (RAID)},
    year = {2012},
    tnid = {8129262e5b},
    doi = {https://doi.org/10.1007/978-3-642-33338-5_4},
    pages = {64--85},
}

@inproceedings{VeedutCavBos+12,
    title = {Memory Errors: The Past, the Present, and the Future.},
    author = {Victor van der Veen AND Nitish dutt-Sharma AND Lorenzo Cavallaro AND Herbert Bos},
    booktitle = {Proc. of International Symposium on Research in Attacks, Intrusions and Defenses (RAID)},
    year = {2012},
    tnid = {549a6a269f},
    doi = {https://doi.org/10.1007/978-3-642-33338-5_5},
    pages = {86--106},
}

@inproceedings{AhnLee12,
    title = {A Memory Access Validation Scheme against Payload Injection Attacks.},
    author = {Dongkyun Ahn AND Gyungho Lee},
    booktitle = {Proc. of International Symposium on Research in Attacks, Intrusions and Defenses (RAID)},
    year = {2012},
    tnid = {49713b3257},
    doi = {https://doi.org/10.1007/978-3-642-33338-5_6},
    pages = {107--126},
}

@inproceedings{ManKae12,
    title = {Dione: A Flexible Disk Monitoring and Analysis Framework.},
    author = {Jennifer Mankin AND David R. Kaeli},
    booktitle = {Proc. of International Symposium on Research in Attacks, Intrusions and Defenses (RAID)},
    year = {2012},
    tnid = {59d5d934b0},
    doi = {https://doi.org/10.1007/978-3-642-33338-5_7},
    pages = {127--146},
}

@inproceedings{XuHsuCheZhu+12,
    title = {AK-PPM: An Authenticated Packet Attribution Scheme for Mobile Ad Hoc Networks.},
    author = {Zhi Xu AND Hung-Yuan Hsu AND Xin Chen AND Sencun Zhu AND Ali R. Hurson},
    booktitle = {Proc. of International Symposium on Research in Attacks, Intrusions and Defenses (RAID)},
    year = {2012},
    tnid = {0a8f778265},
    doi = {https://doi.org/10.1007/978-3-642-33338-5_8},
    pages = {147--168},
}

@inproceedings{LauKirMic12,
    title = {Paying for Piracy? An Analysis of One-Click Hosters' Controversial Reward Schemes.},
    author = {Tobias Lauinger AND Engin Kirda AND Pietro Michiardi},
    booktitle = {Proc. of International Symposium on Research in Attacks, Intrusions and Defenses (RAID)},
    year = {2012},
    tnid = {8405012650},
    doi = {https://doi.org/10.1007/978-3-642-33338-5_9},
    pages = {169--189},
}

@inproceedings{MarFraStaEng+12,
    title = {Proactive Discovery of Phishing Related Domain Names.},
    author = {Samuel Marchal AND Jérôme François AND Radu State AND Thomas Engel},
    booktitle = {Proc. of International Symposium on Research in Attacks, Intrusions and Defenses (RAID)},
    year = {2012},
    tnid = {5cdb9ed96d},
    doi = {https://doi.org/10.1007/978-3-642-33338-5_10},
    pages = {190--209},
}

@inproceedings{MasCár12,
    title = {Evaluating Electricity Theft Detectors in Smart Grid Networks.},
    author = {Daisuke Mashima AND Alvaro A. Cárdenas},
    booktitle = {Proc. of International Symposium on Research in Attacks, Intrusions and Defenses (RAID)},
    year = {2012},
    tnid = {6e84bee0e7},
    doi = {https://doi.org/10.1007/978-3-642-33338-5_11},
    pages = {210--229},
}

@inproceedings{ZhaYanXuGu+12,
    title = {PoisonAmplifier: A Guided Approach of Discovering Compromised Websites through Reversing Search Poisoning Attacks.},
    author = {Jialong Zhang AND Chao Yang AND Zhaoyan Xu AND Guofei Gu},
    booktitle = {Proc. of International Symposium on Research in Attacks, Intrusions and Defenses (RAID)},
    year = {2012},
    tnid = {4822e1ee81},
    doi = {https://doi.org/10.1007/978-3-642-33338-5_12},
    pages = {230--253},
}

@inproceedings{LekNikTigPie+12,
    title = {DEMACRO: Defense against Malicious Cross-Domain Requests.},
    author = {Sebastian Lekies AND Nick Nikiforakis AND Walter Tighzert AND Frank Piessens AND Martin Johns},
    booktitle = {Proc. of International Symposium on Research in Attacks, Intrusions and Defenses (RAID)},
    year = {2012},
    tnid = {7a21acca7a},
    doi = {https://doi.org/10.1007/978-3-642-33338-5_13},
    pages = {254--273},
}

@inproceedings{OveKruVig12,
    title = {FlashDetect: ActionScript 3 Malware Detection.},
    author = {Timon Van Overveldt AND Christopher Kruegel AND Giovanni Vigna},
    booktitle = {Proc. of International Symposium on Research in Attacks, Intrusions and Defenses (RAID)},
    year = {2012},
    tnid = {a0e71bb3fa},
    doi = {https://doi.org/10.1007/978-3-642-33338-5_14},
    pages = {274--293},
}

@inproceedings{ChuGeHubJi+12,
    title = {ALERT-ID: Analyze Logs of the Network Element in Real Time for Intrusion Detection.},
    author = {Jie Chu AND Zihui Ge AND Richard Huber AND Ping Ji AND Jennifer Yates AND Yung-Chao Yu},
    booktitle = {Proc. of International Symposium on Research in Attacks, Intrusions and Defenses (RAID)},
    year = {2012},
    tnid = {ae0456f51d},
    doi = {https://doi.org/10.1007/978-3-642-33338-5_15},
    pages = {294--313},
}

@inproceedings{AmaSomShaHal+12,
    title = {A Lone Wolf No More: Supporting Network Intrusion Detection with Real-Time Intelligence.},
    author = {Bernhard Amann AND Robin Sommer AND Aashish Sharma AND Seth Hall},
    booktitle = {Proc. of International Symposium on Research in Attacks, Intrusions and Defenses (RAID)},
    year = {2012},
    tnid = {cc60bcd2cb},
    doi = {https://doi.org/10.1007/978-3-642-33338-5_16},
    pages = {314--333},
}

@inproceedings{ValChhSunSat+12,
    title = {GPP-Grep: High-Speed Regular Expression Processing Engine on General Purpose Processors.},
    author = {Victor C. Valgenti AND Jatin Chhugani AND Yan Sun AND Nadathur Satish AND Min Sik Kim AND Changkyu Kim AND Pradeep Dubey},
    booktitle = {Proc. of International Symposium on Research in Attacks, Intrusions and Defenses (RAID)},
    year = {2012},
    tnid = {23131a48c3},
    doi = {https://doi.org/10.1007/978-3-642-33338-5_17},
    pages = {334--353},
}

@inproceedings{HadSimBolZam+12,
    title = {N-Gram against the Machine: On the Feasibility of the N-Gram Network Analysis for Binary Protocols.},
    author = {Dina Hadziosmanovic AND Lorenzo Simionato AND Damiano Bolzoni AND Emmanuele Zambon AND Sandro Etalle},
    booktitle = {Proc. of International Symposium on Research in Attacks, Intrusions and Defenses (RAID)},
    year = {2012},
    tnid = {7cd6dab242},
    doi = {https://doi.org/10.1007/978-3-642-33338-5_18},
    pages = {354--373},
}

@inproceedings{BosSloBos11,
    title = {Minemu: The World's Fastest Taint Tracker.},
    author = {Erik Bosman AND Asia Slowinska AND Herbert Bos},
    booktitle = {Proc. of International Symposium on Research in Attacks, Intrusions and Defenses (RAID)},
    year = {2011},
    tnid = {18d67c88cb},
    doi = {https://doi.org/10.1007/978-3-642-23644-0_1},
    pages = {1--20},
}

@inproceedings{GilKemKruVig+11,
    title = {Dymo: Tracking Dynamic Code Identity.},
    author = {Bob Gilbert AND Richard A. Kemmerer AND Christopher Kruegel AND Giovanni Vigna},
    booktitle = {Proc. of International Symposium on Research in Attacks, Intrusions and Defenses (RAID)},
    year = {2011},
    tnid = {33c00ff0eb},
    doi = {https://doi.org/10.1007/978-3-642-23644-0_2},
    pages = {21--40},
}

@inproceedings{GröWilHol11,
    title = {Automated Identification of Cryptographic Primitives in Binary Programs.},
    author = {Felix Gröbert AND Carsten Willems AND Thorsten Holz},
    booktitle = {Proc. of International Symposium on Research in Attacks, Intrusions and Defenses (RAID)},
    year = {2011},
    tnid = {8497c71406},
    doi = {https://doi.org/10.1007/978-3-642-23644-0_3},
    pages = {41--60},
}

@inproceedings{FraKruVig11,
    title = {Shellzer: A Tool for the Dynamic Analysis of Malicious Shellcode.},
    author = {Yanick Fratantonio AND Christopher Kruegel AND Giovanni Vigna},
    booktitle = {Proc. of International Symposium on Research in Attacks, Intrusions and Defenses (RAID)},
    year = {2011},
    tnid = {b707ed7451},
    doi = {https://doi.org/10.1007/978-3-642-23644-0_4},
    pages = {61--80},
}

@inproceedings{OrtGiuCri11,
    title = {KLIMAX: Profiling Memory Write Patterns to Detect Keystroke-Harvesting Malware.},
    author = {Stefano Ortolani AND Cristiano Giuffrida AND Bruno Crispo},
    booktitle = {Proc. of International Symposium on Research in Attacks, Intrusions and Defenses (RAID)},
    year = {2011},
    tnid = {6ce9e30572},
    doi = {https://doi.org/10.1007/978-3-642-23644-0_5},
    pages = {81--100},
}

@inproceedings{LuZouWenGao+11a,
    title = {Packed, Printable, and Polymorphic Return-Oriented Programming.},
    author = {Kangjie Lu AND Dabi Zou AND Weiping Wen AND Debin Gao},
    booktitle = {Proc. of International Symposium on Research in Attacks, Intrusions and Defenses (RAID)},
    year = {2011},
    tnid = {a3378c5ecd},
    doi = {https://doi.org/10.1007/978-3-642-23644-0_6},
    pages = {101--120},
}

@inproceedings{TraEthBleJia+11,
    title = {On the Expressiveness of Return-into-libc Attacks.},
    author = {Minh Tran AND Mark Etheridge AND Tyler K. Bletsch AND Xuxian Jiang AND Vincent W. Freeh AND Peng Ning},
    booktitle = {Proc. of International Symposium on Research in Attacks, Intrusions and Defenses (RAID)},
    year = {2011},
    tnid = {c4e3d5720e},
    doi = {https://doi.org/10.1007/978-3-642-23644-0_7},
    pages = {121--141},
}

@inproceedings{BogHirStaSto+11,
    title = {Cross-Domain Collaborative Anomaly Detection: So Far Yet So Close.},
    author = {Nathaniel Boggs AND Sharath Hiremagalore AND Angelos Stavrou AND Salvatore J. Stolfo},
    booktitle = {Proc. of International Symposium on Research in Attacks, Intrusions and Defenses (RAID)},
    year = {2011},
    tnid = {b01494edf7},
    doi = {https://doi.org/10.1007/978-3-642-23644-0_8},
    pages = {142--160},
}

@inproceedings{MehKhaKha11,
    title = {Revisiting Traffic Anomaly Detection Using Software Defined Networking.},
    author = {Syed Akbar Mehdi AND Junaid Khalid AND Syed Ali Khayam},
    booktitle = {Proc. of International Symposium on Research in Attacks, Intrusions and Defenses (RAID)},
    year = {2011},
    tnid = {31796d473d},
    doi = {https://doi.org/10.1007/978-3-642-23644-0_9},
    pages = {161--180},
}

@inproceedings{SalSto11a,
    title = {Modeling User Search Behavior for Masquerade Detection.},
    author = {Malek Ben Salem AND Salvatore J. Stolfo},
    booktitle = {Proc. of International Symposium on Research in Attacks, Intrusions and Defenses (RAID)},
    year = {2011},
    tnid = {761145074c},
    doi = {https://doi.org/10.1007/978-3-642-23644-0_10},
    pages = {181--200},
}

@inproceedings{BecSeiNitSta+11,
    title = {Securing Application-Level Topology Estimation Networks: Facing the Frog-Boiling Attack.},
    author = {Sheila Becker AND Jeff Seibert AND Cristina Nita-Rotaru AND Radu State},
    booktitle = {Proc. of International Symposium on Research in Attacks, Intrusions and Defenses (RAID)},
    year = {2011},
    tnid = {db7592caa3},
    doi = {https://doi.org/10.1007/978-3-642-23644-0_11},
    pages = {201--221},
}

@inproceedings{ChaPorPolKer+11,
    title = {Detecting Traffic Snooping in Tor Using Decoys.},
    author = {Sambuddho Chakravarty AND Georgios Portokalidis AND Michalis Polychronakis AND Angelos D. Keromytis},
    booktitle = {Proc. of International Symposium on Research in Attacks, Intrusions and Defenses (RAID)},
    year = {2011},
    tnid = {b60a7602a2},
    doi = {https://doi.org/10.1007/978-3-642-23644-0_12},
    pages = {222--241},
}

@inproceedings{ShiLinGu11,
    title = {Cross-Analysis of Botnet Victims: New Insights and Implications.},
    author = {Seungwon Shin AND Raymond Lin AND Guofei Gu},
    booktitle = {Proc. of International Symposium on Research in Attacks, Intrusions and Defenses (RAID)},
    year = {2011},
    tnid = {08e1ad95cb},
    doi = {https://doi.org/10.1007/978-3-642-23644-0_13},
    pages = {242--261},
}

@inproceedings{BueLedSie11,
    title = {Banksafe Information Stealer Detection Inside the Web Browser.},
    author = {Armin Buescher AND Felix Leder AND Thomas Siebert},
    booktitle = {Proc. of International Symposium on Research in Attacks, Intrusions and Defenses (RAID)},
    year = {2011},
    tnid = {2a73aff409},
    doi = {https://doi.org/10.1007/978-3-642-23644-0_14},
    pages = {262--280},
}

@inproceedings{HeiFroHol11,
    title = {IceShield: Detection and Mitigation of Malicious Websites with a Frozen DOM.},
    author = {Mario Heiderich AND Tilman Frosch AND Thorsten Holz},
    booktitle = {Proc. of International Symposium on Research in Attacks, Intrusions and Defenses (RAID)},
    year = {2011},
    tnid = {477057d32f},
    doi = {https://doi.org/10.1007/978-3-642-23644-0_15},
    pages = {281--300},
}

@inproceedings{SonLeeKim11,
    title = {Spam Filtering in Twitter Using Sender-Receiver Relationship.},
    author = {Jonghyuk Song AND Sangho Lee AND Jong Kim},
    booktitle = {Proc. of International Symposium on Research in Attacks, Intrusions and Defenses (RAID)},
    year = {2011},
    tnid = {fa172ccdac},
    doi = {https://doi.org/10.1007/978-3-642-23644-0_16},
    pages = {301--317},
}

@inproceedings{YanHarGu11,
    title = {Die Free or Live Hard? Empirical Evaluation and New Design for Fighting Evolving Twitter Spammers.},
    author = {Chao Yang AND Robert Chandler Harkreader AND Guofei Gu},
    booktitle = {Proc. of International Symposium on Research in Attacks, Intrusions and Defenses (RAID)},
    year = {2011},
    tnid = {4c70ebca2a},
    doi = {https://doi.org/10.1007/978-3-642-23644-0_17},
    pages = {318--337},
}

@inproceedings{LinKolCom11,
    title = {Detecting Environment-Sensitive Malware.},
    author = {Martina Lindorfer AND Clemens Kolbitsch AND Paolo Milani Comparetti},
    booktitle = {Proc. of International Symposium on Research in Attacks, Intrusions and Defenses (RAID)},
    year = {2011},
    tnid = {84e1f9c892},
    doi = {https://doi.org/10.1007/978-3-642-23644-0_18},
    pages = {338--357},
}

@inproceedings{CuiSto11,
    title = {Defending Embedded Systems with Software Symbiotes.},
    author = {Ang Cui AND Salvatore J. Stolfo},
    booktitle = {Proc. of International Symposium on Research in Attacks, Intrusions and Defenses (RAID)},
    year = {2011},
    tnid = {02d72af3b3},
    doi = {https://doi.org/10.1007/978-3-642-23644-0_19},
    pages = {358--377},
}

@inproceedings{DufPerMor11,
    title = {What If You Can't Trust Your Network Card?},
    author = {Loïc Duflot AND Yves-Alexis Perez AND Benjamin Morin},
    booktitle = {Proc. of International Symposium on Research in Attacks, Intrusions and Defenses (RAID)},
    year = {2011},
    tnid = {41098161c2},
    doi = {https://doi.org/10.1007/978-3-642-23644-0_20},
    pages = {378--397},
}

@inproceedings{HaqAliKhaKha+10,
    title = {What Is the Impact of P2P Traffic on Anomaly Detection?},
    author = {Irfan Ul Haq AND Sardar Ali AND Hassan Khan AND Syed Ali Khayam},
    booktitle = {Proc. of International Symposium on Research in Attacks, Intrusions and Defenses (RAID)},
    year = {2010},
    tnid = {b03b6523bb},
    doi = {https://doi.org/10.1007/978-3-642-15512-3_1},
    pages = {1--17},
}

@inproceedings{AntDagLuoPer+10,
    title = {A Centralized Monitoring Infrastructure for Improving DNS Security.},
    author = {Manos Antonakakis AND David Dagon AND Xiapu Luo AND Roberto Perdisci AND Wenke Lee AND Justin Bellmor},
    booktitle = {Proc. of International Symposium on Research in Attacks, Intrusions and Defenses (RAID)},
    year = {2010},
    tnid = {483ec5f717},
    doi = {https://doi.org/10.1007/978-3-642-15512-3_2},
    pages = {18--37},
}

@inproceedings{StaLi10,
    title = {Behavior-Based Worm Detectors Compared.},
    author = {Shad Stafford AND Jun Li},
    booktitle = {Proc. of International Symposium on Research in Attacks, Intrusions and Defenses (RAID)},
    year = {2010},
    tnid = {cde03538b7},
    doi = {https://doi.org/10.1007/978-3-642-15512-3_3},
    pages = {38--57},
}

@inproceedings{YanKarGanSmi+10,
    title = {Improving NFA-Based Signature Matching Using Ordered Binary Decision Diagrams.},
    author = {Liu Yang AND Rezwana Karim AND Vinod Ganapathy AND Randy Smith},
    booktitle = {Proc. of International Symposium on Research in Attacks, Intrusions and Defenses (RAID)},
    year = {2010},
    tnid = {4b9a4b9262},
    doi = {https://doi.org/10.1007/978-3-642-15512-3_4},
    pages = {58--78},
}

@inproceedings{VasIoa10,
    title = {GrAVity: A Massively Parallel Antivirus Engine.},
    author = {Giorgos Vasiliadis AND Sotiris Ioannidis},
    booktitle = {Proc. of International Symposium on Research in Attacks, Intrusions and Defenses (RAID)},
    year = {2010},
    tnid = {b3682e02cc},
    doi = {https://doi.org/10.1007/978-3-642-15512-3_5},
    pages = {79--96},
}

@inproceedings{SriGif10,
    title = {Automatic Discovery of Parasitic Malware.},
    author = {Abhinav Srivastava AND Jonathon T. Giffin},
    booktitle = {Proc. of International Symposium on Research in Attacks, Intrusions and Defenses (RAID)},
    year = {2010},
    tnid = {989aee8004},
    doi = {https://doi.org/10.1007/978-3-642-15512-3_6},
    pages = {97--117},
}

@inproceedings{BowPraKemSid+10,
    title = {BotSwindler: Tamper Resistant Injection of Believable Decoys in VM-Based Hosts for Crimeware Detection.},
    author = {Brian M. Bowen AND Pratap V. Prabhu AND Vasileios P. Kemerlis AND Stelios Sidiroglou AND Angelos D. Keromytis AND Salvatore J. Stolfo},
    booktitle = {Proc. of International Symposium on Research in Attacks, Intrusions and Defenses (RAID)},
    year = {2010},
    tnid = {de691c9a73},
    doi = {https://doi.org/10.1007/978-3-642-15512-3_7},
    pages = {118--137},
}

@inproceedings{XuBaiWeeJah+10,
    title = {CANVuS: Context-Aware Network Vulnerability Scanning.},
    author = {Yunjing Xu AND Michael Bailey AND Eric Vander Weele AND Farnam Jahanian},
    booktitle = {Proc. of International Symposium on Research in Attacks, Intrusions and Defenses (RAID)},
    year = {2010},
    tnid = {b03fbaed5d},
    doi = {https://doi.org/10.1007/978-3-642-15512-3_8},
    pages = {138--157},
}

@inproceedings{WanStaGho10,
    title = {HyperCheck: A Hardware-Assisted Integrity Monitor.},
    author = {Jiang Wang AND Angelos Stavrou AND Anup K. Ghosh},
    booktitle = {Proc. of International Symposium on Research in Attacks, Intrusions and Defenses (RAID)},
    year = {2010},
    tnid = {2f978bed97},
    doi = {https://doi.org/10.1007/978-3-642-15512-3_9},
    pages = {158--177},
}

@inproceedings{RheRilXuJia+10,
    title = {Kernel Malware Analysis with Un-tampered and Temporal Views of Dynamic Kernel Memory.},
    author = {Junghwan Rhee AND Ryan Riley AND Dongyan Xu AND Xuxian Jiang},
    booktitle = {Proc. of International Symposium on Research in Attacks, Intrusions and Defenses (RAID)},
    year = {2010},
    tnid = {f5bb633bc9},
    doi = {https://doi.org/10.1007/978-3-642-15512-3_10},
    pages = {178--197},
}

@inproceedings{OrtGiuCri10,
    title = {Bait Your Hook: A Novel Detection Technique for Keyloggers.},
    author = {Stefano Ortolani AND Cristiano Giuffrida AND Bruno Crispo},
    booktitle = {Proc. of International Symposium on Research in Attacks, Intrusions and Defenses (RAID)},
    year = {2010},
    tnid = {c3416233a9},
    doi = {https://doi.org/10.1007/978-3-642-15512-3_11},
    pages = {198--217},
}

@inproceedings{WriConBraRab+10,
    title = {Generating Client Workloads and High-Fidelity Network Traffic for Controllable, Repeatable Experiments in Computer Security.},
    author = {Charles V. Wright AND Christopher Connelly AND Timothy Braje AND Jesse C. Rabek AND Lee M. Rossey AND Robert K. Cunningham},
    booktitle = {Proc. of International Symposium on Research in Attacks, Intrusions and Defenses (RAID)},
    year = {2010},
    tnid = {2f67f62499},
    doi = {https://doi.org/10.1007/978-3-642-15512-3_12},
    pages = {218--237},
}

@inproceedings{LiLiuGaoRei+10,
    title = {On Challenges in Evaluating Malware Clustering.},
    author = {Peng Li AND Limin Liu AND Debin Gao AND Michael K. Reiter},
    booktitle = {Proc. of International Symposium on Research in Attacks, Intrusions and Defenses (RAID)},
    year = {2010},
    tnid = {d318760693},
    doi = {https://doi.org/10.1007/978-3-642-15512-3_13},
    pages = {238--255},
}

@inproceedings{KilMax10,
    title = {Why Did My Detector Do That?! - Predicting Keystroke-Dynamics Error Rates.},
    author = {Kevin S. Killourhy AND Roy A. Maxion},
    booktitle = {Proc. of International Symposium on Research in Attacks, Intrusions and Defenses (RAID)},
    year = {2010},
    tnid = {eaafc79558},
    doi = {https://doi.org/10.1007/978-3-642-15512-3_14},
    pages = {256--276},
}

@inproceedings{GiuMem10,
    title = {NetStore: An Efficient Storage Infrastructure for Network Forensics and Monitoring.},
    author = {Paul Giura AND Nasir D. Memon},
    booktitle = {Proc. of International Symposium on Research in Attacks, Intrusions and Defenses (RAID)},
    year = {2010},
    tnid = {5dc3142333},
    doi = {https://doi.org/10.1007/978-3-642-15512-3_15},
    pages = {277--296},
}

@inproceedings{MarFatPalCav+10,
    title = {Live and Trustworthy Forensic Analysis of Commodity Production Systems.},
    author = {Lorenzo Martignoni AND Aristide Fattori AND Roberto Paleari AND Lorenzo Cavallaro},
    booktitle = {Proc. of International Symposium on Research in Attacks, Intrusions and Defenses (RAID)},
    year = {2010},
    tnid = {4b429e5903},
    doi = {https://doi.org/10.1007/978-3-642-15512-3_16},
    pages = {297--316},
}

@inproceedings{RouMil10,
    title = {Hybrid Analysis and Control of Malware.},
    author = {Kevin A. Roundy AND Barton P. Miller},
    booktitle = {Proc. of International Symposium on Research in Attacks, Intrusions and Defenses (RAID)},
    year = {2010},
    tnid = {197de4aab7},
    doi = {https://doi.org/10.1007/978-3-642-15512-3_17},
    pages = {317--338},
}

@inproceedings{CucAspNad10,
    title = {Anomaly Detection and Mitigation for Disaster Area Networks.},
    author = {Jordi Cucurull AND Mikael Asplund AND Simin Nadjm-Tehrani},
    booktitle = {Proc. of International Symposium on Research in Attacks, Intrusions and Defenses (RAID)},
    year = {2010},
    tnid = {d6d869092b},
    doi = {https://doi.org/10.1007/978-3-642-15512-3_18},
    pages = {339--359},
}

@inproceedings{OliKulAik10a,
    title = {Community Epidemic Detection Using Time-Correlated Anomalies.},
    author = {Adam J. Oliner AND Ashutosh V. Kulkarni AND Alex Aiken},
    booktitle = {Proc. of International Symposium on Research in Attacks, Intrusions and Defenses (RAID)},
    year = {2010},
    tnid = {a2f11f0e6c},
    doi = {https://doi.org/10.1007/978-3-642-15512-3_19},
    pages = {360--381},
}

@inproceedings{MatPetNgoUpa+10,
    title = {A Data-Centric Approach to Insider Attack Detection in Database Systems.},
    author = {Sunu Mathew AND Michalis Petropoulos AND Hung Q. Ngo AND Shambhu J. Upadhyaya},
    booktitle = {Proc. of International Symposium on Research in Attacks, Intrusions and Defenses (RAID)},
    year = {2010},
    tnid = {f1505ed91c},
    doi = {https://doi.org/10.1007/978-3-642-15512-3_20},
    pages = {382--401},
}

@inproceedings{KamBer10,
    title = {Privilege States Based Access Control for Fine-Grained Intrusion Response.},
    author = {Ashish Kamra AND Elisa Bertino},
    booktitle = {Proc. of International Symposium on Research in Attacks, Intrusions and Defenses (RAID)},
    year = {2010},
    tnid = {00b14de488},
    doi = {https://doi.org/10.1007/978-3-642-15512-3_21},
    pages = {402--421},
}

@inproceedings{BalPlaHolKir+10,
    title = {Abusing Social Networks for Automated User Profiling.},
    author = {Marco Balduzzi AND Christian Platzer AND Thorsten Holz AND Engin Kirda AND Davide Balzarotti AND Christopher Kruegel},
    booktitle = {Proc. of International Symposium on Research in Attacks, Intrusions and Defenses (RAID)},
    year = {2010},
    tnid = {ea4084d8a7},
    doi = {https://doi.org/10.1007/978-3-642-15512-3_22},
    pages = {422--441},
}

@inproceedings{CovLeiThoKer+10,
    title = {An Analysis of Rogue AV Campaigns.},
    author = {Marco Cova AND Corrado Leita AND Olivier Thonnard AND Angelos D. Keromytis AND Marc Dacier},
    booktitle = {Proc. of International Symposium on Research in Attacks, Intrusions and Defenses (RAID)},
    year = {2010},
    tnid = {4009756f83},
    doi = {https://doi.org/10.1007/978-3-642-15512-3_23},
    pages = {442--463},
}

@inproceedings{HsuHuaChe10,
    title = {Fast-Flux Bot Detection in Real Time.},
    author = {Ching-Hsiang Hsu AND Chun-Ying Huang AND Kuan-Ta Chen},
    booktitle = {Proc. of International Symposium on Research in Attacks, Intrusions and Defenses (RAID)},
    year = {2010},
    tnid = {2a28f11856},
    doi = {https://doi.org/10.1007/978-3-642-15512-3_24},
    pages = {464--483},
}

@inproceedings{BolEtaHar09,
    title = {Panacea: Automating Attack Classification for Anomaly-Based Network Intrusion Detection Systems.},
    author = {Damiano Bolzoni AND Sandro Etalle AND Pieter H. Hartel},
    booktitle = {Proc. of International Symposium on Research in Attacks, Intrusions and Defenses (RAID)},
    year = {2009},
    tnid = {a0e4df6c6e},
    doi = {https://doi.org/10.1007/978-3-642-04342-0_1},
    pages = {1--20},
}

@inproceedings{MagRobKrüVig+09,
    title = {Protecting a Moving Target: Addressing Web Application Concept Drift.},
    author = {Federico Maggi AND William K. Robertson AND Christopher Krügel AND Giovanni Vigna},
    booktitle = {Proc. of International Symposium on Research in Attacks, Intrusions and Defenses (RAID)},
    year = {2009},
    tnid = {c32b5ad896},
    doi = {https://doi.org/10.1007/978-3-642-04342-0_2},
    pages = {21--40},
}

@inproceedings{CreStaLocSto+09,
    title = {Adaptive Anomaly Detection via Self-calibration and Dynamic Updating.},
    author = {Gabriela F. Cretu-Ciocarlie AND Angelos Stavrou AND Michael E. Locasto AND Salvatore J. Stolfo},
    booktitle = {Proc. of International Symposium on Research in Attacks, Intrusions and Defenses (RAID)},
    year = {2009},
    tnid = {da981cf8d7},
    doi = {https://doi.org/10.1007/978-3-642-04342-0_3},
    pages = {41--60},
}

@inproceedings{RehStaFusPec+09,
    title = {Runtime Monitoring and Dynamic Reconfiguration for Intrusion Detection Systems.},
    author = {Martin Rehák AND Eugen Staab AND Volker Fusenig AND Michal Pechoucek AND Martin Grill AND Jan Stiborek AND Karel Bartos AND Thomas Engel},
    booktitle = {Proc. of International Symposium on Research in Attacks, Intrusions and Defenses (RAID)},
    year = {2009},
    tnid = {1b2b2ab5ef},
    doi = {https://doi.org/10.1007/978-3-642-04342-0_4},
    pages = {61--80},
}

@inproceedings{JacDebFil09,
    title = {Malware Behavioral Detection by Attribute-Automata Using Abstraction from Platform and Language.},
    author = {Grégoire Jacob AND Hervé Debar AND Eric Filiol},
    booktitle = {Proc. of International Symposium on Research in Attacks, Intrusions and Defenses (RAID)},
    year = {2009},
    tnid = {cd004d082f},
    doi = {https://doi.org/10.1007/978-3-642-04342-0_5},
    pages = {81--100},
}

@inproceedings{GriSchHuChi+09,
    title = {Automatic Generation of String Signatures for Malware Detection.},
    author = {Kent Griffin AND Scott Schneider AND Xin Hu AND Tzi-cker Chiueh},
    booktitle = {Proc. of International Symposium on Research in Attacks, Intrusions and Defenses (RAID)},
    year = {2009},
    tnid = {575e7590b2},
    doi = {https://doi.org/10.1007/978-3-642-04342-0_6},
    pages = {101--120},
}

@inproceedings{ShaTabMirFar+09,
    title = {PE-Miner: Mining Structural Information to Detect Malicious Executables in Realtime.},
    author = {M. Zubair Shafiq AND S. Momina Tabish AND Fauzan Mirza AND Muddassar Farooq},
    booktitle = {Proc. of International Symposium on Research in Attacks, Intrusions and Defenses (RAID)},
    year = {2009},
    tnid = {b2db6168c5},
    doi = {https://doi.org/10.1007/978-3-642-04342-0_7},
    pages = {121--141},
}

@inproceedings{LiGaoRei09,
    title = {Automatically Adapting a Trained Anomaly Detector to Software Patches.},
    author = {Peng Li AND Debin Gao AND Michael K. Reiter},
    booktitle = {Proc. of International Symposium on Research in Attacks, Intrusions and Defenses (RAID)},
    year = {2009},
    tnid = {59f920ace2},
    doi = {https://doi.org/10.1007/978-3-642-04342-0_8},
    pages = {142--160},
}

@inproceedings{CabLiaPooSon+09,
    title = {Towards Generating High Coverage Vulnerability-Based Signatures with Protocol-Level Constraint-Guided Exploration.},
    author = {Juan Caballero AND Zhenkai Liang AND Pongsin Poosankam AND Dawn Song},
    booktitle = {Proc. of International Symposium on Research in Attacks, Intrusions and Defenses (RAID)},
    year = {2009},
    tnid = {ec46559447},
    doi = {https://doi.org/10.1007/978-3-642-04342-0_9},
    pages = {161--181},
}

@inproceedings{FraAbdStaFes+09,
    title = {Automated Behavioral Fingerprinting.},
    author = {Jérôme François AND Humberto J. Abdelnur AND Radu State AND Olivier Festor},
    booktitle = {Proc. of International Symposium on Research in Attacks, Intrusions and Defenses (RAID)},
    year = {2009},
    tnid = {3c1aef80c6},
    doi = {https://doi.org/10.1007/978-3-642-04342-0_10},
    pages = {182--201},
}

@inproceedings{YanEidGal09,
    title = {SMS-Watchdog: Profiling Social Behaviors of SMS Users for Anomaly Detection.},
    author = {Guanhua Yan AND Stephan J. Eidenbenz AND Emanuele Galli},
    booktitle = {Proc. of International Symposium on Research in Attacks, Intrusions and Defenses (RAID)},
    year = {2009},
    tnid = {d763609f52},
    doi = {https://doi.org/10.1007/978-3-642-04342-0_11},
    pages = {202--223},
}

@inproceedings{ZahShaKhaFar+09,
    title = {Keystroke-Based User Identification on Smart Phones.},
    author = {Saira Zahid AND Muhammad Shahzad AND Syed Ali Khayam AND Muddassar Farooq},
    booktitle = {Proc. of International Symposium on Research in Attacks, Intrusions and Defenses (RAID)},
    year = {2009},
    tnid = {94b68c9edd},
    doi = {https://doi.org/10.1007/978-3-642-04342-0_12},
    pages = {224--243},
}

@inproceedings{LiuYanZhaChe+09,
    title = {VirusMeter: Preventing Your Cellphone from Spies.},
    author = {Lei Liu AND Guanhua Yan AND Xinwen Zhang AND Songqing Chen},
    booktitle = {Proc. of International Symposium on Research in Attacks, Intrusions and Defenses (RAID)},
    year = {2009},
    tnid = {ff28c21d6c},
    doi = {https://doi.org/10.1007/978-3-642-04342-0_13},
    pages = {244--264},
}

@inproceedings{VasPolAntMar+09,
    title = {Regular Expression Matching on Graphics Hardware for Intrusion Detection.},
    author = {Giorgos Vasiliadis AND Michalis Polychronakis AND Spyros Antonatos AND Evangelos P. Markatos AND Sotiris Ioannidis},
    booktitle = {Proc. of International Symposium on Research in Attacks, Intrusions and Defenses (RAID)},
    year = {2009},
    tnid = {6dd5411b5d},
    doi = {https://doi.org/10.1007/978-3-642-04342-0_14},
    pages = {265--283},
}

@inproceedings{LucSmiEstJha+09,
    title = {Multi-byte Regular Expression Matching with Speculation.},
    author = {Daniel Luchaup AND Randy Smith AND Cristian Estan AND Somesh Jha},
    booktitle = {Proc. of International Symposium on Research in Attacks, Intrusions and Defenses (RAID)},
    year = {2009},
    tnid = {4a8b7242fb},
    doi = {https://doi.org/10.1007/978-3-642-04342-0_15},
    pages = {284--303},
}

@inproceedings{XuaCopBey09a,
    title = {Toward Revealing Kernel Malware Behavior in Virtual Execution Environments.},
    author = {Chaoting Xuan AND John A. Copeland AND Raheem A. Beyah},
    booktitle = {Proc. of International Symposium on Research in Attacks, Intrusions and Defenses (RAID)},
    year = {2009},
    tnid = {57d0e57d0c},
    doi = {https://doi.org/10.1007/978-3-642-04342-0_16},
    pages = {304--325},
}

@inproceedings{GirChaTafSch+09,
    title = {Exploiting Temporal Persistence to Detect Covert Botnet Channels.},
    author = {Frédéric Giroire AND Jaideep Chandrashekar AND Nina Taft AND Eve M. Schooler AND Dina Papagiannaki},
    booktitle = {Proc. of International Symposium on Research in Attacks, Intrusions and Defenses (RAID)},
    year = {2009},
    tnid = {30d0bbdd81},
    doi = {https://doi.org/10.1007/978-3-642-04342-0_17},
    pages = {326--345},
}

@inproceedings{RilJiaXu08,
    title = {Guest-Transparent Prevention of Kernel Rootkits with VMM-Based Memory Shadowing.},
    author = {Ryan Riley AND Xuxian Jiang AND Dongyan Xu},
    booktitle = {Proc. of International Symposium on Research in Attacks, Intrusions and Defenses (RAID)},
    year = {2008},
    tnid = {c99a24dbcf},
    doi = {https://doi.org/10.1007/978-3-540-87403-4_1},
    pages = {1--20},
}

@inproceedings{WanJiaCuiWan+08,
    title = {Countering Persistent Kernel Rootkits through Systematic Hook Discovery.},
    author = {Zhi Wang AND Xuxian Jiang AND Weidong Cui AND Xinyuan Wang},
    booktitle = {Proc. of International Symposium on Research in Attacks, Intrusions and Defenses (RAID)},
    year = {2008},
    tnid = {551952221a},
    doi = {https://doi.org/10.1007/978-3-540-87403-4_2},
    pages = {21--38},
}

@inproceedings{SriGif08,
    title = {Tamper-Resistant, Application-Aware Blocking of Malicious Network Connections.},
    author = {Abhinav Srivastava AND Jonathon T. Giffin},
    booktitle = {Proc. of International Symposium on Research in Attacks, Intrusions and Defenses (RAID)},
    year = {2008},
    tnid = {4a495ab36c},
    doi = {https://doi.org/10.1007/978-3-540-87403-4_3},
    pages = {39--58},
}

@inproceedings{RamWanJia08,
    title = {A First Step towards Live Botmaster Traceback.},
    author = {Daniel Ramsbrock AND Xinyuan Wang AND Xuxian Jiang},
    booktitle = {Proc. of International Symposium on Research in Attacks, Intrusions and Defenses (RAID)},
    year = {2008},
    tnid = {a29d51161f},
    doi = {https://doi.org/10.1007/978-3-540-87403-4_4},
    pages = {59--77},
}

@inproceedings{MarStiFreJha+08,
    title = {A Layered Architecture for Detecting Malicious Behaviors.},
    author = {Lorenzo Martignoni AND Elizabeth Stinson AND Matt Fredrikson AND Somesh Jha AND John C. Mitchell},
    booktitle = {Proc. of International Symposium on Research in Attacks, Intrusions and Defenses (RAID)},
    year = {2008},
    tnid = {bc53dc2b5b},
    doi = {https://doi.org/10.1007/978-3-540-87403-4_5},
    pages = {78--97},
}

@inproceedings{GuoFerChi08,
    title = {A Study of the Packer Problem and Its Solutions.},
    author = {Fanglu Guo AND Peter Ferrie AND Tzi-cker Chiueh},
    booktitle = {Proc. of International Symposium on Research in Attacks, Intrusions and Defenses (RAID)},
    year = {2008},
    tnid = {d34d67b786},
    doi = {https://doi.org/10.1007/978-3-540-87403-4_6},
    pages = {98--115},
}

@inproceedings{VasAntPolMar+08,
    title = {Gnort: High Performance Network Intrusion Detection Using Graphics Processors.},
    author = {Giorgos Vasiliadis AND Spyros Antonatos AND Michalis Polychronakis AND Evangelos P. Markatos AND Sotiris Ioannidis},
    booktitle = {Proc. of International Symposium on Research in Attacks, Intrusions and Defenses (RAID)},
    year = {2008},
    tnid = {b65b4fb00f},
    doi = {https://doi.org/10.1007/978-3-540-87403-4_7},
    pages = {116--134},
}

@inproceedings{DreFelPaxSom+08,
    title = {Predicting the Resource Consumption of Network Intrusion Detection Systems.},
    author = {Holger Dreger AND Anja Feldmann AND Vern Paxson AND Robin Sommer},
    booktitle = {Proc. of International Symposium on Research in Attacks, Intrusions and Defenses (RAID)},
    year = {2008},
    tnid = {e171ed5a06},
    doi = {https://doi.org/10.1007/978-3-540-87403-4_8},
    pages = {135--154},
}

@inproceedings{SchAlbBor08,
    title = {High-Speed Matching of Vulnerability Signatures.},
    author = {Nabil Schear AND David R. Albrecht AND Nikita Borisov},
    booktitle = {Proc. of International Symposium on Research in Attacks, Intrusions and Defenses (RAID)},
    year = {2008},
    tnid = {5782528fb0},
    doi = {https://doi.org/10.1007/978-3-540-87403-4_9},
    pages = {155--174},
}

@inproceedings{ChuMok08,
    title = {Swarm Attacks against Network-Level Emulation/Analysis.},
    author = {Simon P. Chung AND Aloysius K. Mok},
    booktitle = {Proc. of International Symposium on Research in Attacks, Intrusions and Defenses (RAID)},
    year = {2008},
    tnid = {ec2943669e},
    doi = {https://doi.org/10.1007/978-3-540-87403-4_10},
    pages = {175--190},
}

@inproceedings{McAKirKru08,
    title = {Leveraging User Interactions for In-Depth Testing of Web Applications.},
    author = {Sean McAllister AND Engin Kirda AND Christopher Kruegel},
    booktitle = {Proc. of International Symposium on Research in Attacks, Intrusions and Defenses (RAID)},
    year = {2008},
    tnid = {3075091152},
    doi = {https://doi.org/10.1007/978-3-540-87403-4_11},
    pages = {191--210},
}

@inproceedings{GiaWanWijJaj+08,
    title = {Model-Based Covert Timing Channels: Automated Modeling and Evasion.},
    author = {Steven Gianvecchio AND Haining Wang AND Duminda Wijesekera AND Sushil Jajodia},
    booktitle = {Proc. of International Symposium on Research in Attacks, Intrusions and Defenses (RAID)},
    year = {2008},
    tnid = {7ac5f14c8f},
    doi = {https://doi.org/10.1007/978-3-540-87403-4_12},
    pages = {211--230},
}

@inproceedings{CheAgoLevWu+08,
    title = {Optimal Cost, Collaborative, and Distributed Response to Zero-Day Worms - A Control Theoretic Approach.},
    author = {Senthilkumar G. Cheetancheri AND John Mark Agosta AND Karl N. Levitt AND Shyhtsun Felix Wu AND Jeff Rowe},
    booktitle = {Proc. of International Symposium on Research in Attacks, Intrusions and Defenses (RAID)},
    year = {2008},
    tnid = {dc1aecebe4},
    doi = {https://doi.org/10.1007/978-3-540-87403-4_13},
    pages = {231--250},
}

@inproceedings{ColRei08,
    title = {On the Limits of Payload-Oblivious Network Attack Detection.},
    author = {M. Patrick Collins AND Michael K. Reiter},
    booktitle = {Proc. of International Symposium on Research in Attacks, Intrusions and Defenses (RAID)},
    year = {2008},
    tnid = {5de0de6e7f},
    doi = {https://doi.org/10.1007/978-3-540-87403-4_14},
    pages = {251--270},
}

@inproceedings{ModBagLeb08,
    title = {Determining Placement of Intrusion Detectors for a Distributed Application through Bayesian Network Modeling.},
    author = {Gaspar Modelo-Howard AND Saurabh Bagchi AND Guy Lebanon},
    booktitle = {Proc. of International Symposium on Research in Attacks, Intrusions and Defenses (RAID)},
    year = {2008},
    tnid = {405682787c},
    doi = {https://doi.org/10.1007/978-3-540-87403-4_15},
    pages = {271--290},
}

@inproceedings{AlmLinJon08,
    title = {A Multi-Sensor Model to Improve Automated Attack Detection.},
    author = {Magnus Almgren AND Ulf Lindqvist AND Erland Jonsson},
    booktitle = {Proc. of International Symposium on Research in Attacks, Intrusions and Defenses (RAID)},
    year = {2008},
    tnid = {3c2fbe9d52},
    doi = {https://doi.org/10.1007/978-3-540-87403-4_16},
    pages = {291--310},
}

@inproceedings{NasStaFes08,
    title = {Monitoring SIP Traffic Using Support Vector Machines.},
    author = {Mohamed Nassar AND Radu State AND Olivier Festor},
    booktitle = {Proc. of International Symposium on Research in Attacks, Intrusions and Defenses (RAID)},
    year = {2008},
    tnid = {4cfa425281},
    doi = {https://doi.org/10.1007/978-3-540-87403-4_17},
    pages = {311--330},
}

@inproceedings{KilMax08,
    title = {The Effect of Clock Resolution on Keystroke Dynamics.},
    author = {Kevin S. Killourhy AND Roy A. Maxion},
    booktitle = {Proc. of International Symposium on Research in Attacks, Intrusions and Defenses (RAID)},
    year = {2008},
    tnid = {6a2f153166},
    doi = {https://doi.org/10.1007/978-3-540-87403-4_18},
    pages = {331--350},
}

@inproceedings{AshRobMumAli+08,
    title = {A Comparative Evaluation of Anomaly Detectors under Portscan Attacks.},
    author = {Ayesha Binte Ashfaq AND Maria Joseph Robert AND Asma Mumtaz AND Muhammad Qasim Ali AND Ali Sajjad AND Syed Ali Khayam},
    booktitle = {Proc. of International Symposium on Research in Attacks, Intrusions and Defenses (RAID)},
    year = {2008},
    tnid = {5f758bbf34},
    doi = {https://doi.org/10.1007/978-3-540-87403-4_19},
    pages = {351--371},
}

@inproceedings{AbdStaFes08,
    title = {Advanced Network Fingerprinting.},
    author = {Humberto J. Abdelnur AND Radu State AND Olivier Festor},
    booktitle = {Proc. of International Symposium on Research in Attacks, Intrusions and Defenses (RAID)},
    year = {2008},
    tnid = {01d3c1d47a},
    doi = {https://doi.org/10.1007/978-3-540-87403-4_20},
    pages = {372--389},
}

@inproceedings{MutRobVigKem+07,
    title = {Exploiting Execution Context for the Detection of Anomalous System Calls.},
    author = {Darren Mutz AND William K. Robertson AND Giovanni Vigna AND Richard A. Kemmerer},
    booktitle = {Proc. of International Symposium on Research in Attacks, Intrusions and Defenses (RAID)},
    year = {2007},
    tnid = {fdd85170e8},
    doi = {https://doi.org/10.1007/978-3-540-74320-0_1},
    pages = {1--20},
}

@inproceedings{ShaSinGifLee+07,
    title = {Understanding Precision in Host Based Intrusion Detection.},
    author = {Monirul I. Sharif AND Kapil Singh AND Jonathon T. Giffin AND Wenke Lee},
    booktitle = {Proc. of International Symposium on Research in Attacks, Intrusions and Defenses (RAID)},
    year = {2007},
    tnid = {5e3bb3e98d},
    doi = {https://doi.org/10.1007/978-3-540-74320-0_2},
    pages = {21--41},
}

@inproceedings{IngIno07,
    title = {Comparing Anomaly Detection Techniques for HTTP.},
    author = {Kenneth L. Ingham AND Hajime Inoue},
    booktitle = {Proc. of International Symposium on Research in Attacks, Intrusions and Defenses (RAID)},
    year = {2007},
    tnid = {e05044945e},
    doi = {https://doi.org/10.1007/978-3-540-74320-0_3},
    pages = {42--62},
}

@inproceedings{CovBalFelVig+07,
    title = {Swaddler: An Approach for the Anomaly-Based Detection of State Violations in Web Applications.},
    author = {Marco Cova AND Davide Balzarotti AND Viktoria Felmetsger AND Giovanni Vigna},
    booktitle = {Proc. of International Symposium on Research in Attacks, Intrusions and Defenses (RAID)},
    year = {2007},
    tnid = {2e392d3e60},
    doi = {https://doi.org/10.1007/978-3-540-74320-0_4},
    pages = {63--86},
}

@inproceedings{PolAnaMar07,
    title = {Emulation-Based Detection of Non-self-contained Polymorphic Shellcode.},
    author = {Michalis Polychronakis AND Kostas G. Anagnostakis AND Evangelos P. Markatos},
    booktitle = {Proc. of International Symposium on Research in Attacks, Intrusions and Defenses (RAID)},
    year = {2007},
    tnid = {f4b766e3e8},
    doi = {https://doi.org/10.1007/978-3-540-74320-0_5},
    pages = {87--106},
}

@inproceedings{ValSomLeeLer+07,
    title = {The NIDS Cluster: Scalable, Stateful Network Intrusion Detection on Commodity Hardware.},
    author = {Matthias Vallentin AND Robin Sommer AND Jason Lee AND Craig Leres AND Vern Paxson AND Brian Tierney},
    booktitle = {Proc. of International Symposium on Research in Attacks, Intrusions and Defenses (RAID)},
    year = {2007},
    tnid = {cd81bd76e5},
    doi = {https://doi.org/10.1007/978-3-540-74320-0_6},
    pages = {107--126},
}

@inproceedings{WanTseLevBis+07,
    title = {Cost-Sensitive Intrusion Responses for Mobile Ad Hoc Networks.},
    author = {Shiau-Huey Wang AND Chinyang Henry Tseng AND Karl N. Levitt AND Matt Bishop},
    booktitle = {Proc. of International Symposium on Research in Attacks, Intrusions and Defenses (RAID)},
    year = {2007},
    tnid = {ee7321f41b},
    doi = {https://doi.org/10.1007/978-3-540-74320-0_7},
    pages = {127--145},
}

@inproceedings{MalSte07,
    title = {elicit: A System for Detecting Insiders Who Violate Need-to-Know.},
    author = {Marcus A. Maloof AND Gregory D. Stephens},
    booktitle = {Proc. of International Symposium on Research in Attacks, Intrusions and Defenses (RAID)},
    year = {2007},
    tnid = {79e6476670},
    doi = {https://doi.org/10.1007/978-3-540-74320-0_8},
    pages = {146--166},
}

@inproceedings{MagZan07,
    title = {On the Use of Different Statistical Tests for Alert Correlation - Short Paper.},
    author = {Federico Maggi AND Stefano Zanero},
    booktitle = {Proc. of International Symposium on Research in Attacks, Intrusions and Defenses (RAID)},
    year = {2007},
    tnid = {709f2f4acf},
    doi = {https://doi.org/10.1007/978-3-540-74320-0_9},
    pages = {167--177},
}

@inproceedings{BaiObeAndMao+07,
    title = {Automated Classification and Analysis of Internet Malware.},
    author = {Michael Bailey AND Jon Oberheide AND Jon Andersen AND Zhuoqing Morley Mao AND Farnam Jahanian AND Jose Nazario},
    booktitle = {Proc. of International Symposium on Research in Attacks, Intrusions and Defenses (RAID)},
    year = {2007},
    tnid = {26837d9ae1},
    doi = {https://doi.org/10.1007/978-3-540-74320-0_10},
    pages = {178--197},
}

@inproceedings{JiaWan07,
    title = {"Out-of-the-Box" Monitoring of VM-Based High-Interaction Honeypots.},
    author = {Xuxian Jiang AND Xinyuan Wang},
    booktitle = {Proc. of International Symposium on Research in Attacks, Intrusions and Defenses (RAID)},
    year = {2007},
    tnid = {954d63ace7},
    doi = {https://doi.org/10.1007/978-3-540-74320-0_11},
    pages = {198--218},
}

@inproceedings{WilChi07,
    title = {A Forced Sampled Execution Approach to Kernel Rootkit Identification.},
    author = {Jeffrey Wilhelm AND Tzi-cker Chiueh},
    booktitle = {Proc. of International Symposium on Research in Attacks, Intrusions and Defenses (RAID)},
    year = {2007},
    tnid = {8db215f196},
    doi = {https://doi.org/10.1007/978-3-540-74320-0_12},
    pages = {219--235},
}

@inproceedings{ChuMok07,
    title = {Advanced Allergy Attacks: Does a Corpus Really Help?},
    author = {Simon P. Chung AND Aloysius K. Mok},
    booktitle = {Proc. of International Symposium on Research in Attacks, Intrusions and Defenses (RAID)},
    year = {2007},
    tnid = {d0cf856247},
    doi = {https://doi.org/10.1007/978-3-540-74320-0_13},
    pages = {236--255},
}

@inproceedings{TodRaiBalMul+07,
    title = {Alert Verification Evasion Through Server Response Forging.},
    author = {Adam D. Todd AND Richard A. Raines AND Rusty O. Baldwin AND Barry E. Mullins AND Steven K. Rogers},
    booktitle = {Proc. of International Symposium on Research in Attacks, Intrusions and Defenses (RAID)},
    year = {2007},
    tnid = {3bd85daa79},
    doi = {https://doi.org/10.1007/978-3-540-74320-0_14},
    pages = {256--275},
}

@inproceedings{ColRei07,
    title = {Hit-List Worm Detection and Bot Identification in Large Networks Using Protocol Graphs.},
    author = {M. Patrick Collins AND Michael K. Reiter},
    booktitle = {Proc. of International Symposium on Research in Attacks, Intrusions and Defenses (RAID)},
    year = {2007},
    tnid = {950b355cf5},
    doi = {https://doi.org/10.1007/978-3-540-74320-0_15},
    pages = {276--295},
}

@inproceedings{LiWanCho07,
    title = {SpyShield: Preserving Privacy from Spy Add-Ons.},
    author = {Zhuowei Li AND XiaoFeng Wang AND Jong Youl Choi},
    booktitle = {Proc. of International Symposium on Research in Attacks, Intrusions and Defenses (RAID)},
    year = {2007},
    tnid = {1d125cce14},
    doi = {https://doi.org/10.1007/978-3-540-74320-0_16},
    pages = {296--316},
}

@inproceedings{LanDinBus07,
    title = {Vortex: Enabling Cooperative Selective Wormholing for Network Security Systems.},
    author = {John R. Lange AND Peter A. Dinda AND Fabián E. Bustamante},
    booktitle = {Proc. of International Symposium on Research in Attacks, Intrusions and Defenses (RAID)},
    year = {2007},
    tnid = {d3bd0175b3},
    doi = {https://doi.org/10.1007/978-3-540-74320-0_17},
    pages = {317--336},
}

@inproceedings{TreThu06,
    title = {A Framework for the Application of Association Rule Mining in Large Intrusion Detection Infrastructures.},
    author = {James J. Treinen AND Ramakrishna Thurimella},
    booktitle = {Proc. of International Symposium on Research in Attacks, Intrusions and Defenses (RAID)},
    year = {2006},
    tnid = {41d845e530},
    doi = {https://doi.org/10.1007/11856214_1},
    pages = {1--18},
}

@inproceedings{GaoReiSon06,
    title = {Behavioral Distance Measurement Using Hidden Markov Models.},
    author = {Debin Gao AND Michael K. Reiter AND Dawn Xiaodong Song},
    booktitle = {Proc. of International Symposium on Research in Attacks, Intrusions and Defenses (RAID)},
    year = {2006},
    tnid = {bcbedc494a},
    doi = {https://doi.org/10.1007/11856214_2},
    pages = {19--40},
}

@inproceedings{GifJhaMil06,
    title = {Automated Discovery of Mimicry Attacks.},
    author = {Jonathon T. Giffin AND Somesh Jha AND Barton P. Miller},
    booktitle = {Proc. of International Symposium on Research in Attacks, Intrusions and Defenses (RAID)},
    year = {2006},
    tnid = {0ef0f75720},
    doi = {https://doi.org/10.1007/11856214_3},
    pages = {41--60},
}

@inproceedings{ChuMok06,
    title = {Allergy Attack Against Automatic Signature Generation.},
    author = {Simon P. Chung AND Aloysius K. Mok},
    booktitle = {Proc. of International Symposium on Research in Attacks, Intrusions and Defenses (RAID)},
    year = {2006},
    tnid = {57204c44f4},
    doi = {https://doi.org/10.1007/11856214_4},
    pages = {61--80},
}

@inproceedings{NewKarSon06,
    title = {Paragraph: Thwarting Signature Learning by Training Maliciously.},
    author = {James Newsome AND Brad Karp AND Dawn Xiaodong Song},
    booktitle = {Proc. of International Symposium on Research in Attacks, Intrusions and Defenses (RAID)},
    year = {2006},
    tnid = {6dcc301e96},
    doi = {https://doi.org/10.1007/11856214_5},
    pages = {81--105},
}

@inproceedings{HanTanMax06,
    title = {Anomaly Detector Performance Evaluation Using a Parameterized Environment.},
    author = {Jeffery P. Hansen AND Kymie M. C. Tan AND Roy A. Maxion},
    booktitle = {Proc. of International Symposium on Research in Attacks, Intrusions and Defenses (RAID)},
    year = {2006},
    tnid = {710cf088a6},
    doi = {https://doi.org/10.1007/11856214_6},
    pages = {106--126},
}

@inproceedings{MehBarZhuCla+06,
    title = {Ranking Attack Graphs.},
    author = {Vaibhav Mehta AND Constantinos Bartzis AND Haifeng Zhu AND Edmund M. Clarke AND Jeannette M. Wing},
    booktitle = {Proc. of International Symposium on Research in Attacks, Intrusions and Defenses (RAID)},
    year = {2006},
    tnid = {8c7926bdf6},
    doi = {https://doi.org/10.1007/11856214_7},
    pages = {127--144},
}

@inproceedings{ÅrnValVigKem+06,
    title = {Using Hidden Markov Models to Evaluate the Risks of Intrusions.},
    author = {André Årnes AND Fredrik Valeur AND Giovanni Vigna AND Richard A. Kemmerer},
    booktitle = {Proc. of International Symposium on Research in Attacks, Intrusions and Defenses (RAID)},
    year = {2006},
    tnid = {04e509b31d},
    doi = {https://doi.org/10.1007/11856214_8},
    pages = {145--164},
}

@inproceedings{BaeKoeHolDor+06,
    title = {The Nepenthes Platform: An Efficient Approach to Collect Malware.},
    author = {Paul Baecher AND Markus Koetter AND Thorsten Holz AND Maximillian Dornseif AND Felix C. Freiling},
    booktitle = {Proc. of International Symposium on Research in Attacks, Intrusions and Defenses (RAID)},
    year = {2006},
    tnid = {40d1ff54de},
    doi = {https://doi.org/10.1007/11856214_9},
    pages = {165--184},
}

@inproceedings{LeiDacMas06,
    title = {Automatic Handling of Protocol Dependencies and Reaction to 0-Day Attacks with ScriptGen Based Honeypots.},
    author = {Corrado Leita AND Marc Dacier AND Frédéric Massicotte},
    booktitle = {Proc. of International Symposium on Research in Attacks, Intrusions and Defenses (RAID)},
    year = {2006},
    tnid = {bc11ea15fb},
    doi = {https://doi.org/10.1007/11856214_10},
    pages = {185--205},
}

@inproceedings{RajMonTer06,
    title = {Fast and Evasive Attacks: Highlighting the Challenges Ahead.},
    author = {Moheeb Abu Rajab AND Fabian Monrose AND Andreas Terzis},
    booktitle = {Proc. of International Symposium on Research in Attacks, Intrusions and Defenses (RAID)},
    year = {2006},
    tnid = {0a0420b3e2},
    doi = {https://doi.org/10.1007/11856214_11},
    pages = {206--225},
}

@inproceedings{WanParSto06,
    title = {Anagram: A Content Anomaly Detector Resistant to Mimicry Attack.},
    author = {Ke Wang AND Janak J. Parekh AND Salvatore J. Stolfo},
    booktitle = {Proc. of International Symposium on Research in Attacks, Intrusions and Defenses (RAID)},
    year = {2006},
    tnid = {8e4b319745},
    doi = {https://doi.org/10.1007/11856214_12},
    pages = {226--248},
}

@inproceedings{TseWanKoLev+06,
    title = {DEMEM: Distributed Evidence-Driven Message Exchange Intrusion Detection Model for MANET.},
    author = {Chinyang Henry Tseng AND Shiau-Huey Wang AND Calvin Ko AND Karl N. Levitt},
    booktitle = {Proc. of International Symposium on Research in Attacks, Intrusions and Defenses (RAID)},
    year = {2006},
    tnid = {62b95d3d3d},
    doi = {https://doi.org/10.1007/11856214_13},
    pages = {249--271},
}

@inproceedings{GonPax06,
    title = {Enhancing Network Intrusion Detection with Integrated Sampling and Filtering.},
    author = {José M. González AND Vern Paxson},
    booktitle = {Proc. of International Symposium on Research in Attacks, Intrusions and Defenses (RAID)},
    year = {2006},
    tnid = {0e16d1e8c4},
    doi = {https://doi.org/10.1007/11856214_14},
    pages = {272--289},
}

@inproceedings{SinJahPat06,
    title = {WIND: Workload-Aware INtrusion Detection.},
    author = {Sushant Sinha AND Farnam Jahanian AND Jignesh M. Patel},
    booktitle = {Proc. of International Symposium on Research in Attacks, Intrusions and Defenses (RAID)},
    year = {2006},
    tnid = {24acfd01df},
    doi = {https://doi.org/10.1007/11856214_15},
    pages = {290--310},
}

@inproceedings{BruSloReeHru+06,
    title = {SafeCard: A Gigabit IPS on the Network Card.},
    author = {Willem de Bruijn AND Asia Slowinska AND Kees van Reeuwijk AND Tomás Hrubý AND Li Xu AND Herbert Bos},
    booktitle = {Proc. of International Symposium on Research in Attacks, Intrusions and Defenses (RAID)},
    year = {2006},
    tnid = {2e71ca5bf6},
    doi = {https://doi.org/10.1007/11856214_16},
    pages = {311--330},
}

@inproceedings{JiaXuWanSpa+05,
    title = {Virtual Playgrounds for Worm Behavior Investigation.},
    author = {Xuxian Jiang AND Dongyan Xu AND Helen J. Wang AND Eugene H. Spafford},
    booktitle = {Proc. of International Symposium on Research in Attacks, Intrusions and Defenses (RAID)},
    year = {2005},
    tnid = {a876dac544},
    doi = {https://doi.org/10.1007/11663812_1},
    pages = {1--21},
}

@inproceedings{WonBieStuWan+05,
    title = {Empirical Analysis of Rate Limiting Mechanisms.},
    author = {Cynthia Wong AND Stan Bielski AND Ahren Studer AND Chenxi Wang},
    booktitle = {Proc. of International Symposium on Research in Attacks, Intrusions and Defenses (RAID)},
    year = {2005},
    tnid = {c8701ca4d0},
    doi = {https://doi.org/10.1007/11663812_2},
    pages = {22--42},
}

@inproceedings{TotMajMé05,
    title = {COTS Diversity Based Intrusion Detection and Application to Web Servers.},
    author = {Eric Totel AND Frédéric Majorczyk AND Ludovic Mé},
    booktitle = {Proc. of International Symposium on Research in Attacks, Intrusions and Defenses (RAID)},
    year = {2005},
    tnid = {6db86f4f76},
    doi = {https://doi.org/10.1007/11663812_3},
    pages = {43--62},
}

@inproceedings{GaoReiSon05,
    title = {Behavioral Distance for Intrusion Detection.},
    author = {Debin Gao AND Michael K. Reiter AND Dawn Xiaodong Song},
    booktitle = {Proc. of International Symposium on Research in Attacks, Intrusions and Defenses (RAID)},
    year = {2005},
    tnid = {b947a5bfd1},
    doi = {https://doi.org/10.1007/11663812_4},
    pages = {63--81},
}

@inproceedings{LocWanKerSto+05,
    title = {FLIPS: Hybrid Adaptive Intrusion Prevention.},
    author = {Michael E. Locasto AND Ke Wang AND Angelos D. Keromytis AND Salvatore J. Stolfo},
    booktitle = {Proc. of International Symposium on Research in Attacks, Intrusions and Defenses (RAID)},
    year = {2005},
    tnid = {2507501e93},
    doi = {https://doi.org/10.1007/11663812_5},
    pages = {82--101},
}

@inproceedings{BosHua05,
    title = {Towards Software-Based Signature Detection for Intrusion Prevention on the Network Card.},
    author = {Herbert Bos AND Kaiming Huang},
    booktitle = {Proc. of International Symposium on Research in Attacks, Intrusions and Defenses (RAID)},
    year = {2005},
    tnid = {9138c329e3},
    doi = {https://doi.org/10.1007/11663812_6},
    pages = {102--123},
}

@inproceedings{PieBer05,
    title = {Defending Against Injection Attacks Through Context-Sensitive String Evaluation.},
    author = {Tadeusz Pietraszek AND Chris Vanden Berghe},
    booktitle = {Proc. of International Symposium on Research in Attacks, Intrusions and Defenses (RAID)},
    year = {2005},
    tnid = {3fbb8f8eb2},
    doi = {https://doi.org/10.1007/11663812_7},
    pages = {124--145},
}

@inproceedings{SufYap05,
    title = {Improving Host-Based IDS with Argument Abstraction to Prevent Mimicry Attacks.},
    author = {Sufatrio AND Roland H. C. Yap},
    booktitle = {Proc. of International Symposium on Research in Attacks, Intrusions and Defenses (RAID)},
    year = {2005},
    tnid = {4cb02a0aa0},
    doi = {https://doi.org/10.1007/11663812_8},
    pages = {146--164},
}

@inproceedings{ChuMok05,
    title = {On Random-Inspection-Based Intrusion Detection.},
    author = {Simon P. Chung AND Aloysius K. Mok},
    booktitle = {Proc. of International Symposium on Research in Attacks, Intrusions and Defenses (RAID)},
    year = {2005},
    tnid = {fa1978ed16},
    doi = {https://doi.org/10.1007/11663812_9},
    pages = {165--184},
}

@inproceedings{GifDagJhaLee+05,
    title = {Environment-Sensitive Intrusion Detection.},
    author = {Jonathon T. Giffin AND David Dagon AND Somesh Jha AND Wenke Lee AND Barton P. Miller},
    booktitle = {Proc. of International Symposium on Research in Attacks, Intrusions and Defenses (RAID)},
    year = {2005},
    tnid = {047e4f5e38},
    doi = {https://doi.org/10.1007/11663812_10},
    pages = {185--206},
}

@inproceedings{KrüKirMutRob+05,
    title = {Polymorphic Worm Detection Using Structural Information of Executables.},
    author = {Christopher Krügel AND Engin Kirda AND Darren Mutz AND William K. Robertson AND Giovanni Vigna},
    booktitle = {Proc. of International Symposium on Research in Attacks, Intrusions and Defenses (RAID)},
    year = {2005},
    tnid = {1324a98a9f},
    doi = {https://doi.org/10.1007/11663812_11},
    pages = {207--226},
}

@inproceedings{WanCreSto05,
    title = {Anomalous Payload-Based Worm Detection and Signature Generation.},
    author = {Ke Wang AND Gabriela F. Cretu AND Salvatore J. Stolfo},
    booktitle = {Proc. of International Symposium on Research in Attacks, Intrusions and Defenses (RAID)},
    year = {2005},
    tnid = {5a54a79b03},
    doi = {https://doi.org/10.1007/11663812_12},
    pages = {227--246},
}

@inproceedings{HonWu05,
    title = {On Interactive Internet Traffic Replay.},
    author = {Seung-Sun Hong AND Shyhtsun Felix Wu},
    booktitle = {Proc. of International Symposium on Research in Attacks, Intrusions and Defenses (RAID)},
    year = {2005},
    tnid = {ed6021524b},
    doi = {https://doi.org/10.1007/11663812_13},
    pages = {247--264},
}

@inproceedings{MueMaBar05,
    title = {Interactive Visualization for Network and Port Scan Detection.},
    author = {Chris Muelder AND Kwan-Liu Ma AND Tony Bartoletti},
    booktitle = {Proc. of International Symposium on Research in Attacks, Intrusions and Defenses (RAID)},
    year = {2005},
    tnid = {4357afb3ab},
    doi = {https://doi.org/10.1007/11663812_14},
    pages = {265--283},
}

@inproceedings{ChiBer05,
    title = {A Fast Static Analysis Approach to Detect Exploit Code Inside Network Flows.},
    author = {Ramkumar Chinchani AND Eric van den Berg},
    booktitle = {Proc. of International Symposium on Research in Attacks, Intrusions and Defenses (RAID)},
    year = {2005},
    tnid = {5da746dc75},
    doi = {https://doi.org/10.1007/11663812_15},
    pages = {284--308},
}

@inproceedings{GuoChi05a,
    title = {Sequence Number-Based MAC Address Spoof Detection.},
    author = {Fanglu Guo AND Tzi-cker Chiueh},
    booktitle = {Proc. of International Symposium on Research in Attacks, Intrusions and Defenses (RAID)},
    year = {2005},
    tnid = {2f22e75d0f},
    doi = {https://doi.org/10.1007/11663812_16},
    pages = {309--329},
}

@inproceedings{TseSonBalKo+05,
    title = {A Specification-Based Intrusion Detection Model for OLSR.},
    author = {Chinyang Henry Tseng AND Tao Song AND Poornima Balasubramanyam AND Calvin Ko AND Karl N. Levitt},
    booktitle = {Proc. of International Symposium on Research in Attacks, Intrusions and Defenses (RAID)},
    year = {2005},
    tnid = {15ae5fde6e},
    doi = {https://doi.org/10.1007/11663812_17},
    pages = {330--350},
}

@inproceedings{LamChi04,
    title = {Automatic Extraction of Accurate Application-Specific Sandboxing Policy.},
    author = {Lap-Chung Lam AND Tzi-cker Chiueh},
    booktitle = {Proc. of International Symposium on Research in Attacks, Intrusions and Defenses (RAID)},
    year = {2004},
    tnid = {60d8d652a5},
    doi = {https://doi.org/10.1007/978-3-540-30143-1_1},
    pages = {1--20},
}

@inproceedings{XuDuCha04a,
    title = {Context Sensitive Anomaly Monitoring of Process Control Flow to Detect Mimicry Attacks and Impossible Paths.},
    author = {Haizhi Xu AND Wenliang Du AND Steve J. Chapin},
    booktitle = {Proc. of International Symposium on Research in Attacks, Intrusions and Defenses (RAID)},
    year = {2004},
    tnid = {883ccd9ff2},
    doi = {https://doi.org/10.1007/978-3-540-30143-1_2},
    pages = {21--38},
}

@inproceedings{DagQinGuLee+04,
    title = {HoneyStat: Local Worm Detection Using Honeypots.},
    author = {David Dagon AND Xinzhou Qin AND Guofei Gu AND Wenke Lee AND Julian B. Grizzard AND John G. Levine AND Henry L. Owen},
    booktitle = {Proc. of International Symposium on Research in Attacks, Intrusions and Defenses (RAID)},
    year = {2004},
    tnid = {d7db4b9ada},
    doi = {https://doi.org/10.1007/978-3-540-30143-1_3},
    pages = {39--58},
}

@inproceedings{SchJunBer04,
    title = {Fast Detection of Scanning Worm Infections.},
    author = {Stuart E. Schechter AND Jaeyeon Jung AND Arthur W. Berger},
    booktitle = {Proc. of International Symposium on Research in Attacks, Intrusions and Defenses (RAID)},
    year = {2004},
    tnid = {204dfe0ba8},
    doi = {https://doi.org/10.1007/978-3-540-30143-1_4},
    pages = {59--81},
}

@inproceedings{HuMok04,
    title = {Detecting Unknown Massive Mailing Viruses Using Proactive Methods.},
    author = {Ruiqi Hu AND Aloysius K. Mok},
    booktitle = {Proc. of International Symposium on Research in Attacks, Intrusions and Defenses (RAID)},
    year = {2004},
    tnid = {ad79d9b707},
    doi = {https://doi.org/10.1007/978-3-540-30143-1_5},
    pages = {82--101},
}

@inproceedings{Pie04,
    title = {Using Adaptive Alert Classification to Reduce False Positives in Intrusion Detection.},
    author = {Tadeusz Pietraszek},
    booktitle = {Proc. of International Symposium on Research in Attacks, Intrusions and Defenses (RAID)},
    year = {2004},
    tnid = {41f879f0d7},
    doi = {https://doi.org/10.1007/978-3-540-30143-1_6},
    pages = {102--124},
}

@inproceedings{HuaLee04,
    title = {Attack Analysis and Detection for Ad Hoc Routing Protocols.},
    author = {Yi-an Huang AND Wenke Lee},
    booktitle = {Proc. of International Symposium on Research in Attacks, Intrusions and Defenses (RAID)},
    year = {2004},
    tnid = {67f74988c8},
    doi = {https://doi.org/10.1007/978-3-540-30143-1_7},
    pages = {125--145},
}

@inproceedings{YegBarPlo04,
    title = {On the Design and Use of Internet Sinks for Network Abuse Monitoring.},
    author = {Vinod Yegneswaran AND Paul Barford AND David Plonka},
    booktitle = {Proc. of International Symposium on Research in Attacks, Intrusions and Defenses (RAID)},
    year = {2004},
    tnid = {7e274f1519},
    doi = {https://doi.org/10.1007/978-3-540-30143-1_8},
    pages = {146--165},
}

@inproceedings{ViiDeb04,
    title = {Monitoring IDS Background Noise Using EWMA Control Charts and Alert Information.},
    author = {Jouni Viinikka AND Hervé Debar},
    booktitle = {Proc. of International Symposium on Research in Attacks, Intrusions and Defenses (RAID)},
    year = {2004},
    tnid = {c167c3ea83},
    doi = {https://doi.org/10.1007/978-3-540-30143-1_9},
    pages = {166--187},
}

@inproceedings{HerBenLof04,
    title = {Symantec Deception Server Experience with a Commercial Deception System.},
    author = {Brian Hernacki AND Jeremy Bennett AND Thomas Lofgren},
    booktitle = {Proc. of International Symposium on Research in Attacks, Intrusions and Defenses (RAID)},
    year = {2004},
    tnid = {3b9cac62b0},
    doi = {https://doi.org/10.1007/978-3-540-30143-1_10},
    pages = {188--202},
}

@inproceedings{WanSto04,
    title = {Anomalous Payload-Based Network Intrusion Detection.},
    author = {Ke Wang AND Salvatore J. Stolfo},
    booktitle = {Proc. of International Symposium on Research in Attacks, Intrusions and Defenses (RAID)},
    year = {2004},
    tnid = {039cf0f308},
    doi = {https://doi.org/10.1007/978-3-540-30143-1_11},
    pages = {203--222},
}

@inproceedings{OkaOyaAbeKat+04,
    title = {Anomaly Detection Using Layered Networks Based on Eigen Co-occurrence Matrix.},
    author = {Mizuki Oka AND Yoshihiro Oyama AND Hirotake Abe AND Kazuhiko Kato},
    booktitle = {Proc. of International Symposium on Research in Attacks, Intrusions and Defenses (RAID)},
    year = {2004},
    tnid = {93651e21c3},
    doi = {https://doi.org/10.1007/978-3-540-30143-1_12},
    pages = {223--237},
}

@inproceedings{XieKimO'HRei+04,
    title = {Seurat: A Pointillist Approach to Anomaly Detection.},
    author = {Yinglian Xie AND Hyang-Ah Kim AND David R. O'Hallaron AND Michael K. Reiter AND Hui Zhang},
    booktitle = {Proc. of International Symposium on Research in Attacks, Intrusions and Defenses (RAID)},
    year = {2004},
    tnid = {64a2e45a16},
    doi = {https://doi.org/10.1007/978-3-540-30143-1_13},
    pages = {238--257},
}

@inproceedings{BluSonVen04,
    title = {Detection of Interactive Stepping Stones: Algorithms and Confidence Bounds.},
    author = {Avrim Blum AND Dawn Xiaodong Song AND Shobha Venkataraman},
    booktitle = {Proc. of International Symposium on Research in Attacks, Intrusions and Defenses (RAID)},
    year = {2004},
    tnid = {f3d9260ce0},
    doi = {https://doi.org/10.1007/978-3-540-30143-1_14},
    pages = {258--277},
}

@inproceedings{SonKoAlvZha+04,
    title = {Formal Reasoning About Intrusion Detection Systems.},
    author = {Tao Song AND Calvin Ko AND Jim Alves-Foss AND Cui Zhang AND Karl N. Levitt},
    booktitle = {Proc. of International Symposium on Research in Attacks, Intrusions and Defenses (RAID)},
    year = {2004},
    tnid = {a5d0e25300},
    doi = {https://doi.org/10.1007/978-3-540-30143-1_15},
    pages = {278--295},
}

@inproceedings{GehKed04,
    title = {RheoStat: Real-Time Risk Management.},
    author = {Ashish Gehani AND Gershon Kedem},
    booktitle = {Proc. of International Symposium on Research in Attacks, Intrusions and Defenses (RAID)},
    year = {2004},
    tnid = {3b2962e574},
    doi = {https://doi.org/10.1007/978-3-540-30143-1_16},
    pages = {296--314},
}

@inproceedings{TylLev03,
    title = {Mitigating Distributed Denial of Service Attacks Using a Proportional-Integral-Derivative Controller.},
    author = {Marcus Tylutki AND Karl N. Levitt},
    booktitle = {Proc. of International Symposium on Research in Attacks, Intrusions and Defenses (RAID)},
    year = {2003},
    tnid = {d293a319dc},
    doi = {https://doi.org/10.1007/978-3-540-45248-5_1},
    pages = {1--16},
}

@inproceedings{KrüMutRobVal+03a,
    title = {Topology-Based Detection of Anomalous BGP Messages.},
    author = {Christopher Krügel AND Darren Mutz AND William K. Robertson AND Fredrik Valeur},
    booktitle = {Proc. of International Symposium on Research in Attacks, Intrusions and Defenses (RAID)},
    year = {2003},
    tnid = {b95e183b4e},
    doi = {https://doi.org/10.1007/978-3-540-45248-5_2},
    pages = {17--35},
}

@inproceedings{RamOstTja03,
    title = {Detecting Anomalous Network Traffic with Self-organizing Maps.},
    author = {Manikantan Ramadas AND Shawn Ostermann AND Brett C. Tjaden},
    booktitle = {Proc. of International Symposium on Research in Attacks, Intrusions and Defenses (RAID)},
    year = {2003},
    tnid = {5b442e8d14},
    doi = {https://doi.org/10.1007/978-3-540-45248-5_3},
    pages = {36--54},
}

@inproceedings{GupSek03,
    title = {An Approach for Detecting Self-propagating Email Using Anomaly Detection.},
    author = {Ajay Gupta AND R. Sekar},
    booktitle = {Proc. of International Symposium on Research in Attacks, Intrusions and Defenses (RAID)},
    year = {2003},
    tnid = {af3ae55d61},
    doi = {https://doi.org/10.1007/978-3-540-45248-5_4},
    pages = {55--72},
}

@inproceedings{QinLee03,
    title = {Statistical Causality Analysis of INFOSEC Alert Data.},
    author = {Xinzhou Qin AND Wenke Lee},
    booktitle = {Proc. of International Symposium on Research in Attacks, Intrusions and Defenses (RAID)},
    year = {2003},
    tnid = {1ddf654746},
    doi = {https://doi.org/10.1007/978-3-540-45248-5_5},
    pages = {73--93},
}

@inproceedings{MorDeb03,
    title = {Correlation of Intrusion Symptoms: An Application of Chronicles.},
    author = {Benjamin Morin AND Hervé Debar},
    booktitle = {Proc. of International Symposium on Research in Attacks, Intrusions and Defenses (RAID)},
    year = {2003},
    tnid = {ade968f0ae},
    doi = {https://doi.org/10.1007/978-3-540-45248-5_6},
    pages = {94--112},
}

@inproceedings{UndJosPin03,
    title = {Modeling Computer Attacks: An Ontology for Intrusion Detection.},
    author = {Jeffrey Undercoffer AND Anupam Joshi AND John Pinkston},
    booktitle = {Proc. of International Symposium on Research in Attacks, Intrusions and Defenses (RAID)},
    year = {2003},
    tnid = {a0071df1e5},
    doi = {https://doi.org/10.1007/978-3-540-45248-5_7},
    pages = {113--135},
}

@inproceedings{BalMalRowLev+03,
    title = {Using Specification-Based Intrusion Detection for Automated Response.},
    author = {Ivan Balepin AND Sergei Maltsev AND Jeff Rowe AND Karl N. Levitt},
    booktitle = {Proc. of International Symposium on Research in Attacks, Intrusions and Defenses (RAID)},
    year = {2003},
    tnid = {84fc24ebcd},
    doi = {https://doi.org/10.1007/978-3-540-45248-5_8},
    pages = {136--154},
}

@inproceedings{SchSlaMooFre+03,
    title = {Characterizing the Performance of Network Intrusion Detection Sensors.},
    author = {Lambert Schaelicke AND Thomas Slabach AND Branden J. Moore AND Curt Freeland},
    booktitle = {Proc. of International Symposium on Research in Attacks, Intrusions and Defenses (RAID)},
    year = {2003},
    tnid = {3e34b25ed1},
    doi = {https://doi.org/10.1007/978-3-540-45248-5_9},
    pages = {155--172},
}

@inproceedings{KrüTot03,
    title = {Using Decision Trees to Improve Signature-Based Intrusion Detection.},
    author = {Christopher Krügel AND Thomas Toth},
    booktitle = {Proc. of International Symposium on Research in Attacks, Intrusions and Defenses (RAID)},
    year = {2003},
    tnid = {d4d7fcff9d},
    doi = {https://doi.org/10.1007/978-3-540-45248-5_10},
    pages = {173--191},
}

@inproceedings{Tal03,
    title = {Ambiguity Resolution via Passive OS Fingerprinting.},
    author = {Greg Taleck},
    booktitle = {Proc. of International Symposium on Research in Attacks, Intrusions and Defenses (RAID)},
    year = {2003},
    tnid = {c526bb841d},
    doi = {https://doi.org/10.1007/978-3-540-45248-5_11},
    pages = {192--206},
}

@inproceedings{ChoHan03,
    title = {Two Sophisticated Techniques to Improve HMM-Based Intrusion Detection Systems.},
    author = {Sung-Bae Cho AND Sang-Jun Han},
    booktitle = {Proc. of International Symposium on Research in Attacks, Intrusions and Defenses (RAID)},
    year = {2003},
    tnid = {a8fc78c614},
    doi = {https://doi.org/10.1007/978-3-540-45248-5_12},
    pages = {207--219},
}

@inproceedings{MahCha03,
    title = {An Analysis of the 1999 DARPA/Lincoln Laboratory Evaluation Data for Network Anomaly Detection.},
    author = {Matthew V. Mahoney AND Philip K. Chan},
    booktitle = {Proc. of International Symposium on Research in Attacks, Intrusions and Defenses (RAID)},
    year = {2003},
    tnid = {5d9e1f226f},
    doi = {https://doi.org/10.1007/978-3-540-45248-5_13},
    pages = {220--237},
}

@inproceedings{Yun02a,
    title = {Detecting Long Connection Chains of Interactive Terminal Sessions.},
    author = {Kwong H. Yung},
    booktitle = {Proc. of International Symposium on Research in Attacks, Intrusions and Defenses (RAID)},
    year = {2002},
    tnid = {be5517f75a},
    doi = {https://doi.org/10.1007/3-540-36084-0_1},
    pages = {1--16},
}

@inproceedings{DonFleShaPax+02,
    title = {Multiscale Stepping-Stone Detection: Detecting Pairs of Jittered Interactive Streams by Exploiting Maximum Tolerable Delay.},
    author = {David L. Donoho AND Ana Georgina Flesia AND Umesh Shankar AND Vern Paxson AND Jason Coit AND Stuart Staniford},
    booktitle = {Proc. of International Symposium on Research in Attacks, Intrusions and Defenses (RAID)},
    year = {2002},
    tnid = {15660067fd},
    doi = {https://doi.org/10.1007/3-540-36084-0_2},
    pages = {17--35},
}

@inproceedings{ApaHonHerEsk+02,
    title = {Detecting Malicious Software by Monitoring Anomalous Windows Registry Accesses.},
    author = {Frank Apap AND Andrew Honig AND Shlomo Hershkop AND Eleazar Eskin AND Salvatore J. Stolfo},
    booktitle = {Proc. of International Symposium on Research in Attacks, Intrusions and Defenses (RAID)},
    year = {2002},
    tnid = {985f0d8ae2},
    doi = {https://doi.org/10.1007/3-540-36084-0_3},
    pages = {36--53},
}

@inproceedings{TanKilMax02,
    title = {Undermining an Anomaly-Based Intrusion Detection System Using Common Exploits.},
    author = {Kymie M. C. Tan AND Kevin S. Killourhy AND Roy A. Maxion},
    booktitle = {Proc. of International Symposium on Research in Attacks, Intrusions and Defenses (RAID)},
    year = {2002},
    tnid = {dbe376ef75},
    doi = {https://doi.org/10.1007/3-540-36084-0_4},
    pages = {54--73},
}

@inproceedings{NinCuiRee02a,
    title = {Analyzing Intensive Intrusion Alerts via Correlation.},
    author = {Peng Ning AND Yun Cui AND Douglas S. Reeves},
    booktitle = {Proc. of International Symposium on Research in Attacks, Intrusions and Defenses (RAID)},
    year = {2002},
    tnid = {a094d5764d},
    doi = {https://doi.org/10.1007/3-540-36084-0_5},
    pages = {74--94},
}

@inproceedings{PorFonVal02,
    title = {A Mission-Impact-Based Approach to INFOSEC Alarm Correlation.},
    author = {Phillip A. Porras AND Martin W. Fong AND Alfonso Valdes},
    booktitle = {Proc. of International Symposium on Research in Attacks, Intrusions and Defenses (RAID)},
    year = {2002},
    tnid = {894512322f},
    doi = {https://doi.org/10.1007/3-540-36084-0_6},
    pages = {95--114},
}

@inproceedings{MorMéDebDuc+02,
    title = {M2D2: A Formal Data Model for IDS Alert Correlation.},
    author = {Benjamin Morin AND Ludovic Mé AND Hervé Debar AND Mireille Ducassé},
    booktitle = {Proc. of International Symposium on Research in Attacks, Intrusions and Defenses (RAID)},
    year = {2002},
    tnid = {74a8c24daa},
    doi = {https://doi.org/10.1007/3-540-36084-0_7},
    pages = {115--127},
}

@inproceedings{Joh02b,
    title = {Development of a Legal Framework for Intrusion Detection.},
    author = {Steven R. Johnston},
    booktitle = {Proc. of International Symposium on Research in Attacks, Intrusions and Defenses (RAID)},
    year = {2002},
    tnid = {2e67bfbc3e},
    doi = {https://doi.org/10.1007/3-540-36084-0_8},
    pages = {138--157},
}

@inproceedings{JusReyCloDan+02,
    title = {Learning Unknown Attacks - A Start.},
    author = {James E. Just AND James C. Reynolds AND Larry A. Clough AND Melissa Danforth AND Karl N. Levitt AND Ryan Maglich AND Jeff Rowe},
    booktitle = {Proc. of International Symposium on Research in Attacks, Intrusions and Defenses (RAID)},
    year = {2002},
    tnid = {4f4d8cdb7d},
    doi = {https://doi.org/10.1007/3-540-36084-0_9},
    pages = {158--176},
}

@inproceedings{DebMor02,
    title = {Evaluation of the Diagnostic Capabilities of Commercial Intrusion Detection Systems.},
    author = {Hervé Debar AND Benjamin Morin},
    booktitle = {Proc. of International Symposium on Research in Attacks, Intrusions and Defenses (RAID)},
    year = {2002},
    tnid = {7e34f3ebb9},
    doi = {https://doi.org/10.1007/3-540-36084-0_10},
    pages = {177--198},
}

@inproceedings{Gol02,
    title = {A Stochastic Model for Intrusions.},
    author = {Robert P. Goldman},
    booktitle = {Proc. of International Symposium on Research in Attacks, Intrusions and Defenses (RAID)},
    year = {2002},
    tnid = {3b28cb309d},
    doi = {https://doi.org/10.1007/3-540-36084-0_11},
    pages = {199--218},
}

@inproceedings{GorKot02,
    title = {Attacks Against Computer Network: Formal Grammar-Based Framework and Simulation Tool.},
    author = {Vladimir I. Gorodetski AND Igor V. Kotenko},
    booktitle = {Proc. of International Symposium on Research in Attacks, Intrusions and Defenses (RAID)},
    year = {2002},
    tnid = {7c33b360ff},
    doi = {https://doi.org/10.1007/3-540-36084-0_12},
    pages = {219--238},
}

@inproceedings{HalWil02,
    title = {Capacity Verification for High Speed Network Intrusion Detection Systems.},
    author = {Mike Hall AND Kevin Wiley},
    booktitle = {Proc. of International Symposium on Research in Attacks, Intrusions and Defenses (RAID)},
    year = {2002},
    tnid = {d48f2dbea0},
    doi = {https://doi.org/10.1007/3-540-36084-0_13},
    pages = {239--251},
}

@inproceedings{LeeCabThoBal+02,
    title = {Performance Adaptation in Real-Time Intrusion Detection Systems.},
    author = {Wenke Lee AND João B. D. Cabrera AND Ashley Thomas AND Niranjan Balwalli AND Sunmeet Saluja AND Yi Zhang},
    booktitle = {Proc. of International Symposium on Research in Attacks, Intrusions and Defenses (RAID)},
    year = {2002},
    tnid = {69c1c487f7},
    doi = {https://doi.org/10.1007/3-540-36084-0_14},
    pages = {252--273},
}

@inproceedings{TotKrü02a,
    title = {Accurate Buffer Overflow Detection via Abstract Payload Execution.},
    author = {Thomas Toth AND Christopher Krügel},
    booktitle = {Proc. of International Symposium on Research in Attacks, Intrusions and Defenses (RAID)},
    year = {2002},
    tnid = {f2f9b81f4d},
    doi = {https://doi.org/10.1007/3-540-36084-0_15},
    pages = {274--291},
}

@inproceedings{ZimMéBid02,
    title = {Introducing Reference Flow Control for Detecting Intrusion Symptoms at the OS Level.},
    author = {Jacob Zimmermann AND Ludovic Mé AND Christophe Bidan},
    booktitle = {Proc. of International Symposium on Research in Attacks, Intrusions and Defenses (RAID)},
    year = {2002},
    tnid = {6deedb3b96},
    doi = {https://doi.org/10.1007/3-540-36084-0_16},
    pages = {292--306},
}

@inproceedings{LipWebSte02,
    title = {The Effect of Identifying Vulnerabilities and Patching Software on the Utility of Network Intrusion Detection.},
    author = {Richard Lippmann AND Seth E. Webster AND Douglas Stetson},
    booktitle = {Proc. of International Symposium on Research in Attacks, Intrusions and Defenses (RAID)},
    year = {2002},
    tnid = {1bab63e5be},
    doi = {https://doi.org/10.1007/3-540-36084-0_17},
    pages = {307--326},
}

@inproceedings{PouDuc01,
    title = {From Declarative Signatures to Misuse IDS.},
    author = {Jean-Philippe Pouzol AND Mireille Ducassé},
    booktitle = {Proc. of International Symposium on Research in Attacks, Intrusions and Defenses (RAID)},
    year = {2001},
    tnid = {c96f11613d},
    doi = {https://doi.org/10.1007/3-540-45474-8_1},
    pages = {1--21},
}

@inproceedings{AlmLin01,
    title = {Application-Integrated Data Collection for Security Monitoring.},
    author = {Magnus Almgren AND Ulf Lindqvist},
    booktitle = {Proc. of International Symposium on Research in Attacks, Intrusions and Defenses (RAID)},
    year = {2001},
    tnid = {ff9454ade8},
    doi = {https://doi.org/10.1007/3-540-45474-8_2},
    pages = {22--36},
}

@inproceedings{WelHut01,
    title = {Interfacing Trusted Applications with Intrusion Detection Systems.},
    author = {Marc G. Welz AND Andrew Hutchison},
    booktitle = {Proc. of International Symposium on Research in Attacks, Intrusions and Defenses (RAID)},
    year = {2001},
    tnid = {1b919dd0d8},
    doi = {https://doi.org/10.1007/3-540-45474-8_3},
    pages = {37--53},
}

@inproceedings{ValSki01,
    title = {Probabilistic Alert Correlation.},
    author = {Alfonso Valdes AND Keith Skinner},
    booktitle = {Proc. of International Symposium on Research in Attacks, Intrusions and Defenses (RAID)},
    year = {2001},
    tnid = {609258d0ca},
    doi = {https://doi.org/10.1007/3-540-45474-8_4},
    pages = {54--68},
}

@inproceedings{VigKemBli01,
    title = {Designing a Web of Highly-Configurable Intrusion Detection Sensors.},
    author = {Giovanni Vigna AND Richard A. Kemmerer AND Per Blix},
    booktitle = {Proc. of International Symposium on Research in Attacks, Intrusions and Defenses (RAID)},
    year = {2001},
    tnid = {7aee8dbf3e},
    doi = {https://doi.org/10.1007/3-540-45474-8_5},
    pages = {69--84},
}

@inproceedings{DebWes01,
    title = {Aggregation and Correlation of Intrusion-Detection Alerts.},
    author = {Hervé Debar AND Andreas Wespi},
    booktitle = {Proc. of International Symposium on Research in Attacks, Intrusions and Defenses (RAID)},
    year = {2001},
    tnid = {b6803e66cc},
    doi = {https://doi.org/10.1007/3-540-45474-8_6},
    pages = {85--103},
}

@inproceedings{CunSte01,
    title = {Accurately Detecting Source Code of Attacks That Increase Privilege.},
    author = {Robert K. Cunningham AND Craig S. Stevenson},
    booktitle = {Proc. of International Symposium on Research in Attacks, Intrusions and Defenses (RAID)},
    year = {2001},
    tnid = {6fdbeb57be},
    doi = {https://doi.org/10.1007/3-540-45474-8_7},
    pages = {104--116},
}

@inproceedings{WilAncBebGun+01,
    title = {CDIS: Towards a Computer Immune System for Detecting Network Intrusions.},
    author = {Paul D. Williams AND Kevin P. Anchor AND John L. Bebo AND Gregg H. Gunsch AND Gary B. Lamont},
    booktitle = {Proc. of International Symposium on Research in Attacks, Intrusions and Defenses (RAID)},
    year = {2001},
    tnid = {12d38c488a},
    doi = {https://doi.org/10.1007/3-540-45474-8_8},
    pages = {117--133},
}

@inproceedings{SteDjaWilBab+01,
    title = {Autonomic Response to Distributed Denial of Service Attacks.},
    author = {Daniel F. Sterne AND Kelly Djahandari AND Brett Wilson AND Bill Babson AND Dan Schnackenberg AND Harley Holliday AND Travis Reid},
    booktitle = {Proc. of International Symposium on Research in Attacks, Intrusions and Defenses (RAID)},
    year = {2001},
    tnid = {67485768b2},
    doi = {https://doi.org/10.1007/3-540-45474-8_9},
    pages = {134--149},
}

@inproceedings{Joh01,
    title = {The Impact of Privacy and Data Protection Legislation on the Sharing of Intrusion Detection Information.},
    author = {Steven R. Johnston},
    booktitle = {Proc. of International Symposium on Research in Attacks, Intrusions and Defenses (RAID)},
    year = {2001},
    tnid = {09c0cab9b4},
    doi = {https://doi.org/10.1007/3-540-45474-8_10},
    pages = {150--171},
}

@inproceedings{UppSek01,
    title = {Experiences with Specification-Based Intrusion Detection.},
    author = {Prem Uppuluri AND R. Sekar},
    booktitle = {Proc. of International Symposium on Research in Attacks, Intrusions and Defenses (RAID)},
    year = {2001},
    tnid = {d6cd83a65b},
    doi = {https://doi.org/10.1007/3-540-45474-8_11},
    pages = {172--189},
}

@inproceedings{KoBruRowTsa+01,
    title = {System Health and Intrusion Monitoring Using a Hierarchy of Constraints.},
    author = {Calvin Ko AND Paul Brutch AND Jeff Rowe AND Guy Tsafnat AND Karl N. Levitt},
    booktitle = {Proc. of International Symposium on Research in Attacks, Intrusions and Defenses (RAID)},
    year = {2001},
    tnid = {3e2f3b8627},
    doi = {https://doi.org/10.1007/3-540-45474-8_12},
    pages = {190--204},
}

@inproceedings{FlaAta00,
    title = {Better Logging through Formality.},
    author = {Chapman Flack AND Mikhail J. Atallah},
    booktitle = {Proc. of International Symposium on Research in Attacks, Intrusions and Defenses (RAID)},
    year = {2000},
    tnid = {0be02788d8},
    doi = {https://doi.org/10.1007/3-540-39945-3_1},
    pages = {1--16},
}

@inproceedings{KurNavMéHey+00,
    title = {A Pattern Matching Based Filter for Audit Reduction and Fast Detection of Potential Intrusions.},
    author = {Josué Kuri AND Gonzalo Navarro AND Ludovic Mé AND Laurent Heye},
    booktitle = {Proc. of International Symposium on Research in Attacks, Intrusions and Defenses (RAID)},
    year = {2000},
    tnid = {ab93b1c227},
    doi = {https://doi.org/10.1007/3-540-39945-3_2},
    pages = {17--27},
}

@inproceedings{BisFle00a,
    title = {Transaction-Based Pseudonyms in Audit Data for Privacy Respecting Intrusion Detection.},
    author = {Joachim Biskup AND Ulrich Flegel},
    booktitle = {Proc. of International Symposium on Research in Attacks, Intrusions and Defenses (RAID)},
    year = {2000},
    tnid = {4deab60b0b},
    doi = {https://doi.org/10.1007/3-540-39945-3_3},
    pages = {28--48},
}

@inproceedings{LeeNimYeePat+00,
    title = {A Data Mining and CIDF Based Approach for Detecting Novel and Distributed Intrusions.},
    author = {Wenke Lee AND Rahul A. Nimbalkar AND Kam K. Yee AND Sunil B. Patil AND Pragneshkumar H. Desai AND Thuan T. Tran AND Salvatore J. Stolfo},
    booktitle = {Proc. of International Symposium on Research in Attacks, Intrusions and Defenses (RAID)},
    year = {2000},
    tnid = {9e9042639a},
    doi = {https://doi.org/10.1007/3-540-39945-3_4},
    pages = {49--65},
}

@inproceedings{MicGho00a,
    title = {Using Finite Automata to Mine Execution Data for Intrusion Detection: A Preliminary Report.},
    author = {Christoph C. Michael AND Anup K. Ghosh},
    booktitle = {Proc. of International Symposium on Research in Attacks, Intrusions and Defenses (RAID)},
    year = {2000},
    tnid = {9ca1a868a9},
    doi = {https://doi.org/10.1007/3-540-39945-3_5},
    pages = {66--79},
}

@inproceedings{ValSki00,
    title = {Adaptive, Model-Based Monitoring for Cyber Attack Detection.},
    author = {Alfonso Valdes AND Keith Skinner},
    booktitle = {Proc. of International Symposium on Research in Attacks, Intrusions and Defenses (RAID)},
    year = {2000},
    tnid = {04aec24560},
    doi = {https://doi.org/10.1007/3-540-39945-3_6},
    pages = {80--92},
}

@inproceedings{GhoMicSch00,
    title = {A Real-Time Intrusion Detection System Based on Learning Program Behavior.},
    author = {Anup K. Ghosh AND Christoph C. Michael AND Michael Schatz},
    booktitle = {Proc. of International Symposium on Research in Attacks, Intrusions and Defenses (RAID)},
    year = {2000},
    tnid = {248fb37dbf},
    doi = {https://doi.org/10.1007/3-540-39945-3_7},
    pages = {93--109},
}

@inproceedings{WesDacDeb00,
    title = {Intrusion Detection Using Variable-Length Audit Trail Patterns.},
    author = {Andreas Wespi AND Marc Dacier AND Hervé Debar},
    booktitle = {Proc. of International Symposium on Research in Attacks, Intrusions and Defenses (RAID)},
    year = {2000},
    tnid = {bf74a313cb},
    doi = {https://doi.org/10.1007/3-540-39945-3_8},
    pages = {110--129},
}

@inproceedings{MarMéVivMor+00,
    title = {Flexible Intrusion Detection Using Variable-Length Behavior Modeling in Distributed Environment: Application to CORBA Objects.},
    author = {Zakia Marrakchi AND Ludovic Mé AND Bernard Vivinis AND Benjamin Morin},
    booktitle = {Proc. of International Symposium on Research in Attacks, Intrusions and Defenses (RAID)},
    year = {2000},
    tnid = {3c4917b6f4},
    doi = {https://doi.org/10.1007/3-540-39945-3_9},
    pages = {130--144},
}

@inproceedings{McH00,
    title = {The 1998 Lincoln Laboratory IDS Evaluation.},
    author = {John McHugh},
    booktitle = {Proc. of International Symposium on Research in Attacks, Intrusions and Defenses (RAID)},
    year = {2000},
    tnid = {d4edbf23ea},
    doi = {https://doi.org/10.1007/3-540-39945-3_10},
    pages = {145--161},
}

@inproceedings{LipHaiFriKor+00,
    title = {Analysis and Results of the 1999 DARPA Off-Line Intrusion Detection Evaluation.},
    author = {Richard Lippmann AND Joshua W. Haines AND David J. Fried AND Jonathan Korba AND Kumar Das},
    booktitle = {Proc. of International Symposium on Research in Attacks, Intrusions and Defenses (RAID)},
    year = {2000},
    tnid = {05eda2b4c4},
    doi = {https://doi.org/10.1007/3-540-39945-3_11},
    pages = {162--182},
}

@inproceedings{Ale00,
    title = {Using Rule-Based Activity Descriptions to Evaluate Intrusion-Detection Systems.},
    author = {Dominique Alessandri},
    booktitle = {Proc. of International Symposium on Research in Attacks, Intrusions and Defenses (RAID)},
    year = {2000},
    tnid = {e33af8794d},
    doi = {https://doi.org/10.1007/3-540-39945-3_12},
    pages = {183--196},
}

@inproceedings{CupOrt00,
    title = {LAMBDA: A Language to Model a Database for Detection of Attacks.},
    author = {Frédéric Cuppens AND Rodolphe Ortalo},
    booktitle = {Proc. of International Symposium on Research in Attacks, Intrusions and Defenses (RAID)},
    year = {2000},
    tnid = {077593caec},
    doi = {https://doi.org/10.1007/3-540-39945-3_13},
    pages = {197--216},
}

@inproceedings{RioAle00,
    title = {Target Naming and Service Apoptosis.},
    author = {James Riordan AND Dominique Alessandri},
    booktitle = {Proc. of International Symposium on Research in Attacks, Intrusions and Defenses (RAID)},
    year = {2000},
    tnid = {10cba8b016},
    doi = {https://doi.org/10.1007/3-540-39945-3_14},
    pages = {217--226},
}

@inproceedings{ChuGerLev99,
    title = {Misuse Detection in Database Systems Through User Profiling.},
    author = {Christina Yip Chung AND Michael Gertz AND Karl N. Levitt},
    booktitle = {Proc. of International Symposium on Research in Attacks, Intrusions and Defenses (RAID)},
    year = {1999},
    tnid = {abc126ea80},
    doi = {http://www.raid-symposium.org/raid99/PAPERS/Chung.pdf},
}

@inproceedings{Wee99,
    title = {Audit logs: to keep or not to keep?},
    author = {Christopher Wee},
    booktitle = {Proc. of International Symposium on Research in Attacks, Intrusions and Defenses (RAID)},
    year = {1999},
    tnid = {14224a49f7},
    doi = {http://www.raid-symposium.org/raid99/PAPERS/Wee.pdf},
}

@inproceedings{QueCarPir99,
    title = {Micael: An Autonomous Mobile Agent System to Protect New Generation Networked Applications.},
    author = {Jose Duarte de Queiroz AND Luiz F. Rust da Costa Carmo AND Luci Pirmez},
    booktitle = {Proc. of International Symposium on Research in Attacks, Intrusions and Defenses (RAID)},
    year = {1999},
    tnid = {d940bd770c},
    doi = {http://www.raid-symposium.org/raid99/PAPERS/Queiroz.pdf},
}

@inproceedings{MelMcL99,
    title = {Mobile Agent Attack Resistant Distributed Hierarchical Intrusion Detection Systems.},
    author = {Peter Mell AND Mark McLarnon},
    booktitle = {Proc. of International Symposium on Research in Attacks, Intrusions and Defenses (RAID)},
    year = {1999},
    tnid = {08a882cc9e},
    doi = {http://www.raid-symposium.org/raid99/PAPERS/Mell.pdf},
}

@inproceedings{SpaZam99,
    title = {New directions for the AAFID architecture.},
    author = {Eugene H. Spafford AND Diego Zamboni},
    booktitle = {Proc. of International Symposium on Research in Attacks, Intrusions and Defenses (RAID)},
    year = {1999},
    tnid = {54b89db189},
    doi = {http://www.raid-symposium.org/raid99/PAPERS/Zamboni.pdf},
}

@inproceedings{LeeSto99,
    title = {Combining Knowledge Discovery and Knowledge Engineering to Build IDSs.},
    author = {Wenke Lee AND Salvatore J. Stolfo},
    booktitle = {Proc. of International Symposium on Research in Attacks, Intrusions and Defenses (RAID)},
    year = {1999},
    tnid = {09363a46c1},
    doi = {http://www.raid-symposium.org/raid99/PAPERS/Lee_Stolfo.pdf},
}

@inproceedings{ManChrZerHer+99,
    title = {A Data Mining Analysis of RTID Alarms.},
    author = {Stefanos Manganaris AND Marvin Christensen AND Dan Zerkle AND Keith Hermiz},
    booktitle = {Proc. of International Symposium on Research in Attacks, Intrusions and Defenses (RAID)},
    year = {1999},
    tnid = {93fe105e9d},
    doi = {http://www.raid-symposium.org/raid99/PAPERS/Manganaris.pdf},
}

@inproceedings{FeiStaLevHec+99,
    title = {Intrusion Detection Inter-component Adaptive Negotiation.},
    author = {Richard J. Feiertag AND Stuart Staniford-Chen AND Karl N. Levitt AND Mark R. Heckman AND Dave Peticolas AND Rick Crawford AND Lee Benzinger AND Sue Rho AND Stephen Wu},
    booktitle = {Proc. of International Symposium on Research in Attacks, Intrusions and Defenses (RAID)},
    year = {1999},
    tnid = {bcf998af85},
    doi = {http://www.raid-symposium.org/raid99/PAPERS/Feiertag.pdf},
}

@inproceedings{WesDeb99,
    title = {Building an Intrusion-Detection System to Detect Suspicious Process Behavior.},
    author = {Andreas Wespi AND Hervé Debar},
    booktitle = {Proc. of International Symposium on Research in Attacks, Intrusions and Defenses (RAID)},
    year = {1999},
    tnid = {dfb3ca0ed9},
    doi = {http://www.raid-symposium.org/raid99/PAPERS/Wespi.pdf},
}

@inproceedings{Man99a,
    title = {Towards trapping wily intruders in the large.},
    author = {Glenn Mansfield},
    booktitle = {Proc. of International Symposium on Research in Attacks, Intrusions and Defenses (RAID)},
    year = {1999},
    tnid = {56dca44836},
    doi = {http://www.raid-symposium.org/raid99/PAPERS/Mansfield.pdf},
}

@inproceedings{Pax99,
    title = {Defending against network IDS evasion.},
    author = {Vern Paxson},
    booktitle = {Proc. of International Symposium on Research in Attacks, Intrusions and Defenses (RAID)},
    year = {1999},
    tnid = {998bd3dfcb},
    doi = {http://www.raid-symposium.org/raid99/PAPERS/Paxson.pdf},
}

@inproceedings{Sta99,
    title = {IDS Standards: Lessons Learned to Date.},
    author = {Stuart Staniford-Chen},
    booktitle = {Proc. of International Symposium on Research in Attacks, Intrusions and Defenses (RAID)},
    year = {1999},
    tnid = {af5ccb9c26},
    doi = {http://www.raid-symposium.org/raid99/PAPERS/StanifordChen.pdf},
}

@inproceedings{LipCunFriGra+99,
    title = {Results of the DARPA 1998 Offline Intrusion Detection Evaluation.},
    author = {Richard Lippmann AND Robert K. Cunningham AND David J. Fried AND Isaac Graf AND Kris R. Kendall AND Seth E. Webster AND Marc A. Zissman},
    booktitle = {Proc. of International Symposium on Research in Attacks, Intrusions and Defenses (RAID)},
    year = {1999},
    tnid = {8c4f3c0601},
    doi = {http://www.raid-symposium.org/raid99/PAPERS/Lippmann_DARPA.pdf},
}

@inproceedings{Far99,
    title = {Lessons Learned in Commercial IDS Development.},
    author = {Tim Farley},
    booktitle = {Proc. of International Symposium on Research in Attacks, Intrusions and Defenses (RAID)},
    year = {1999},
    tnid = {000abd220a},
    doi = {http://www.raid-symposium.org/raid99/PAPERS/Farley.pdf},
}

@inproceedings{ChaDur99,
    title = {Air Force Intrusion Detection System Evaluation Environment.},
    author = {Terrence Champion AND Robert Durst},
    booktitle = {Proc. of International Symposium on Research in Attacks, Intrusions and Defenses (RAID)},
    year = {1999},
    tnid = {ca9ef21d85},
    doi = {http://www.raid-symposium.org/raid99/PAPERS/Champion.pdf},
}

@inproceedings{SonShaUnd99,
    title = {Nidsbench - a Network Intrusion Detection Test Suite.},
    author = {Dug Song AND G. Shaffer AND M. Undy},
    booktitle = {Proc. of International Symposium on Research in Attacks, Intrusions and Defenses (RAID)},
    year = {1999},
    tnid = {d181c7a773},
    doi = {http://www.raid-symposium.org/raid99/PAPERS/Song.pdf},
}

@inproceedings{Bis99,
    title = {Vulnerability Analysis: An Extended Abstract.},
    author = {Matt Bishop},
    booktitle = {Proc. of International Symposium on Research in Attacks, Intrusions and Defenses (RAID)},
    year = {1999},
    tnid = {4c6e8afc4c},
    doi = {http://www.raid-symposium.org/raid99/PAPERS/Bishop.pdf},
}

@inproceedings{BakChrHilMan+99,
    title = {The Development of a Common Vulnerability Enumeration.},
    author = {David W. Baker AND Steven M. Christey AND William H. Hill AND David E. Mann},
    booktitle = {Proc. of International Symposium on Research in Attacks, Intrusions and Defenses (RAID)},
    year = {1999},
    tnid = {66bcf933cf},
    doi = {http://www.raid-symposium.org/raid99/PAPERS/Hill.pdf},
}

@inproceedings{LunJon99,
    title = {Privacy vs. Intrusion Detection Analysis.},
    author = {Emilie Lundin AND Erland Jonsson},
    booktitle = {Proc. of International Symposium on Research in Attacks, Intrusions and Defenses (RAID)},
    year = {1999},
    tnid = {5fba003a69},
    doi = {http://www.raid-symposium.org/raid99/PAPERS/Lundin.pdf},
}

@inproceedings{Axe99a,
    title = {On a Difficulty of Intrusion Detection.},
    author = {Stefan Axelsson},
    booktitle = {Proc. of International Symposium on Research in Attacks, Intrusions and Defenses (RAID)},
    year = {1999},
    tnid = {7be9d1a31b},
    doi = {http://www.raid-symposium.org/raid99/PAPERS/Axelsson.pdf},
}

@inproceedings{TinOngTanNg+99,
    title = {Intrusion Detection, Internet Law Enforcement and Insurance Coverage to Accelerate the Proliferation of Internet Business Singapore.},
    author = {Christopher Ting AND Tiang Hwee Ong AND Yong Tai Tan AND Pek Yong Ng},
    booktitle = {Proc. of International Symposium on Research in Attacks, Intrusions and Defenses (RAID)},
    year = {1999},
    tnid = {a3b84f6de3},
    doi = {http://www.raid-symposium.org/raid99/PAPERS/Ting.pdf},
}

@inproceedings{GorRuh99,
    title = {Intrusion Detection for Telephony Signalling.},
    author = {David Gorman AND Mary Ruhl},
    booktitle = {Proc. of International Symposium on Research in Attacks, Intrusions and Defenses (RAID)},
    year = {1999},
    tnid = {b01e600e82},
    doi = {http://www.raid-symposium.org/raid99/PAPERS/Gorman.pdf},
}

@inproceedings{KelSch99,
    title = {Minimizing Bandwidth for Remote Access to Cryptographically Protected Audit Logs.},
    author = {John Kelsey AND Bruce Schneier},
    booktitle = {Proc. of International Symposium on Research in Attacks, Intrusions and Defenses (RAID)},
    year = {1999},
    tnid = {5463eaa89b},
    doi = {http://www.raid-symposium.org/raid99/PAPERS/Kelsey.pdf},
}

@inproceedings{SelPuu99,
    title = {Anomaly Intrusion Detection Systems: Handling Temporal Relations Between Events.},
    author = {Alexandr Seleznyov AND Seppo Puuronen},
    booktitle = {Proc. of International Symposium on Research in Attacks, Intrusions and Defenses (RAID)},
    year = {1999},
    tnid = {d1a4d45954},
    doi = {http://www.raid-symposium.org/raid99/PAPERS/Seleznyov.pdf},
}

@inproceedings{LipCun99,
    title = {Improving Intrusion Detection Performance using Keyword Selection and Neural Networks.},
    author = {Richard Lippmann AND Robert K. Cunningham},
    booktitle = {Proc. of International Symposium on Research in Attacks, Intrusions and Defenses (RAID)},
    year = {1999},
    tnid = {427ead8a73},
    doi = {http://www.raid-symposium.org/raid99/PAPERS/Lippmann1.pdf},
}

@inproceedings{CosDacSco99,
    title = {Intrusion Detection Mechanism to Detect Reachability Attacks in PNNI Networks.},
    author = {Yves Cosendai AND Marc Dacier AND Paolo Scotton},
    booktitle = {Proc. of International Symposium on Research in Attacks, Intrusions and Defenses (RAID)},
    year = {1999},
    tnid = {b85ff59aeb},
    doi = {http://www.raid-symposium.org/raid99/PAPERS/Cosendai.pdf},
}

@inproceedings{ZhaLi99,
    title = {Session State Transition Based Large Network IDS.},
    author = {Qianli Zhang AND Xing Li},
    booktitle = {Proc. of International Symposium on Research in Attacks, Intrusions and Defenses (RAID)},
    year = {1999},
    tnid = {2c72c405c6},
    doi = {http://www.raid-symposium.org/raid99/PAPERS/Qianli.pdf},
}

@inproceedings{Mut99,
    title = {Defending against a Denial-of-Service Attack on TCP.},
    author = {Pars Mutaf},
    booktitle = {Proc. of International Symposium on Research in Attacks, Intrusions and Defenses (RAID)},
    year = {1999},
    tnid = {c07917e241},
    doi = {http://www.raid-symposium.org/raid99/PAPERS/ParsMutaf.pdf},
}

@inproceedings{YuiWuGonHua+99,
    title = {Intrusion Detection for an On-Going Attack.},
    author = {Jim Yuill AND Shyhtsun Felix Wu AND Fengmin Gong AND Ming-Yuh Huang},
    booktitle = {Proc. of International Symposium on Research in Attacks, Intrusions and Defenses (RAID)},
    year = {1999},
    tnid = {b587b9aa36},
    doi = {http://www.raid-symposium.org/raid99/PAPERS/Yuill.pdf},
}

@inproceedings{Row99,
    title = {Intrusion Detection and Isolation Protocol: Automated Response to Attacks.},
    author = {Jeff Rowe},
    booktitle = {Proc. of International Symposium on Research in Attacks, Intrusions and Defenses (RAID)},
    year = {1999},
    tnid = {2a16c2ea99},
    doi = {http://www.raid-symposium.org/raid99/PAPERS/Rowe.pdf},
}

@inproceedings{SchGho99,
    title = {A Study in the Feasibility of Performing Host-Based Anomaly Detection on Windows NT.},
    author = {Aaron Schwartzbard AND Anup K. Ghosh},
    booktitle = {Proc. of International Symposium on Research in Attacks, Intrusions and Defenses (RAID)},
    year = {1999},
    tnid = {ba420d1c08},
    doi = {},
}

@inproceedings{OngTanTanTin+99,
    title = {SNMS - Shadow Network Management System.},
    author = {Tiang Hwee Ong AND Chung Pheng Tan AND Yong Tai Tan AND Christopher Ting},
    booktitle = {Proc. of International Symposium on Research in Attacks, Intrusions and Defenses (RAID)},
    year = {1999},
    tnid = {f7977f430d},
    doi = {http://www.raid-symposium.org/raid99/PAPERS/ChungPheng.pdf},
}

